
<!DOCTYPE html PUBLIC "-//W3C//DTD XHTML 1.0 Transitional//EN" "http://www.w3.org/TR/xhtml1/DTD/xhtml1-transitional.dtd">
<html xmlns="http://www.w3.org/1999/xhtml" lang="es" xml:lang="es">
<head>
<meta http-equiv="content-type" content="text/html;charset=iso-8859-15"/>
<meta http-equiv="X-UA-Compatible" content="IE=Edge"/>
<script>
/* if (window.parent != null && window.parent != 'undefined') {
//Estoy en popup
document.write('<title> Hipercor </title>');
} else { */
//Estoy en ventana principal
document.write('<meta name="description" content="Hipercor: Servicio de compra por internet de alimentación, vinos, limpieza, higiene personal... Entrega en 24 h"/>');
document.write('<title> Hipercor: Alimentación, limpieza, higiene personal... Entrega en 24 h </title>');
/* } */
</script>
<!--[if IE 6]>
<link rel="stylesheet" type="text/css" href='/static/sm2/css/hipercor_venta_online_ie6.css' media="screen">
<script defer type="text/javascript" src='/static/sm2/js/pngfix.js'></script>
<![endif]-->
<link href="/hipercor/static/sm2/css/ci_supermercado_general.css" type="text/css" rel="stylesheet" media="screen"></link><link href="/hipercor/static/sm2/css/hipercor_popups.css" type="text/css" rel="stylesheet" media="screen"></link><link href="/hipercor/static/sm2/css/hipercor_venta_online.css" type="text/css" rel="stylesheet" media="screen"></link><link href="/hipercor/static/sm2/css/hipercor_print.css" type="text/css" rel="stylesheet" media="print"></link><link href="/hipercor/static/sm2/css/carrusel.css" type="text/css" rel="stylesheet" media="screen"></link><link href="/hipercor/static/sm2/css/ie8.css" type="text/css" rel="stylesheet" media="screen"></link><link href="/hipercor/static/sm2/css/load_utils.css" type="text/css" rel="stylesheet" media="screen"></link> <script type="text/javascript" src="/hipercor/static/sm2/js/jquery-1.6.4.js"></script>
<script type="text/javascript" src="/hipercor/static/sm2/js/storefronts.js"></script>
<script type="text/javascript" src="/hipercor/static/sm2/js/load_utils.js"></script>
<script type="text/javascript" src="/hipercor/static/sm2/js/window.js"></script>
<script type="text/javascript" src="/hipercor/static/sm2/js/funciones.js" ></script>
<script type="text/javascript" src="/hipercor/static/sm2/js/onlyUnits.js" ></script>
<script type="text/javascript" src="/hipercor/sm2/dwr/interface/CartModifierFormHandler.js" ></script>
<script type="text/javascript" src="/hipercor/sm2/dwr/interface/CatalogNavigation.js" ></script>
<script type="text/javascript" src="/hipercor/sm2/dwr/engine.js" ></script>
<script type="text/javascript" src="/hipercor/static/sm2/js/orders.js" ></script>
<script type="text/javascript" src="/hipercor/sm2/dwr/interface/WishListsFormHandler.js" ></script>
<script type="text/javascript" src="/hipercor/static/sm2/js/DWRSessionInvalidation.js" ></script>
<script type="text/javascript" src="/hipercor/static/base/js/catalog.js" ></script>
<script type="text/javascript" src="/hipercor/static/sm2/js/productList.js" ></script>
<script type="text/javascript">
$(document).ready(function(){
if ($.browser.msie && parseInt($.browser.version) > 8)
{
$.ajaxSetup({cache: false});
}
});
</script>
</head>
<body>
<body onload=" $.ajaxSetup({cache: false});">
<div id="loading_mask"></div>
<div class="loading_img">
<img title="loading" src="/hipercor/static/sm2/img/loading.gif" alt="loading"></img> </div>
<div id="boxes" style="position: absolute;">
<div style="position: absolute; display: none; z-index: 100000; overflow: hidden;" id="dialog" class="window">
<div style="width: 100%; text-align: right; margin: 0.5em 1em 10px 0px;" id="nycloser">
<img title="Cerrar Ventana" class="close" src="/hipercor/static/sm2/img/popups/bumpbox_cerrar.jpg"></img> </div>
<br/>
<!-- div vacio donde inyectar el contenido -->
<div style="display: block; padding: 0px;" id="content"></div>
</div>
<!-- Mask to cover the whole screen -->
<div style="width: 100%; height: 100%; visibility: visible; position: fixed; top: 0px; left: 0px; z-index: 99999; display:none;" id="mask"></div>
</div>
<div id="webcontainer">
<div id="cabecera">
<div id="cab_superior">
<form action="/hipercor/sm2/common/private/header/header.jsp?_DARGS=/sm2/common/private/header/header.jsp.headerForm" name="headerForm" method="post" id="headerForm"><input value="iso-8859-15" type="hidden" name="_dyncharset"></input><input value="-226516553218810965" type="hidden" name="_dynSessConf"></input><input value="/sm2/catalog.jsp" type="hidden" name="/eci/supermarket/catalog/navigation/CatalogNavigationFormHandler.successURL"><input value=" " type="hidden" name="_D:/eci/supermarket/catalog/navigation/CatalogNavigationFormHandler.successURL"><input type="submit" style="display:none;" name="/eci/supermarket/catalog/navigation/CatalogNavigationFormHandler.resetCatalogNavigation" id="resetNavigationButton"><input value=" " type="hidden" name="_D:/eci/supermarket/catalog/navigation/CatalogNavigationFormHandler.resetCatalogNavigation"> <div id="marca">
<a title="Ir a la p&aacute;gina de inicio" href="#" accesskey="1" onclick="javascript:document.getElementById('resetNavigationButton').click()"><img width="180" height="40" src="/hipercor/static/sm2/img/Hipercor_marca.gif" alt="Marca Hipercor"></img></a>
</div><!-- fin marca --><input value="/sm2/common/private/header/header.jsp.headerForm" type="hidden" name="_DARGS"></input></form><form action="/hipercor/sm2/common/private/header/header.jsp?_DARGS=/sm2/common/private/header/header.jsp.guestLogoutForm" name="guestLogoutForm" method="post"><input value="iso-8859-15" type="hidden" name="_dyncharset"></input><input value="-226516553218810965" type="hidden" name="_dynSessConf"></input><input value="https://www.hipercor.es/profile2/profile/menu/accesoECIPyme.jsp?idiom=es_ES&redirectLogin=1&redirectCreate=1&shop=supermarket&tiendaId=0022&pc=&centreId=020027&shipMth=homeDelivery&isPickup=false&pag_regreso=http://www.hipercor.es/hipercor/sm2/login/assignStore.jsp" type="hidden" name="/atg/userprofiling/ProfileFormHandler.guestLogoutSuccessURL"><input value=" " type="hidden" name="_D:/atg/userprofiling/ProfileFormHandler.guestLogoutSuccessURL"><input value="/sm2/login/popups/guestNoPurchase.jsp" type="hidden" name="/atg/userprofiling/ProfileFormHandler.guestLogoutErrorURL"><input value=" " type="hidden" name="_D:/atg/userprofiling/ProfileFormHandler.guestLogoutErrorURL"><input type="submit" style="display:none" name="guestLogoutButton" id="guestLogoutButton"><input value=" " type="hidden" name="_D:guestLogoutButton"><input value="/sm2/common/private/header/header.jsp.guestLogoutForm" type="hidden" name="_DARGS"></input></form> <div id="menu_info">
<ul>
<li><a href="#" onclick="javascript:document.getElementById('resetNavigationButton').click()">Portada</a></li>
<li><a href="/hipercor/sm2/common/header/assistance.jsp">Ayuda</a></li>
<li>
<a href="/hipercor/sm2/checkout/orderConfirmation/timeSlotSelector.jsp">Horarios de entrega</a>
</li>
<li>
<a href="https://www.hipercor.es/hipercor/sm2/profile/goToRegistry.jsp?linkURL=/registration/actualizaCliente.jsp" target="_top" onclick="" id="linkToRegistry">Registro</a>
</li>
<li class="ultimo">Bienvenido,&nbsp;Jose Antonio</li>
</ul>
<div id="cerrar_sesion">
<p><a href="https://www.hipercor.es/profile2/profile/menu/logoutFrameSTD.jsp?successUrl=http://www.hipercor.es/hipercor/sm2/login/login.jsp?logOut=false" onclick="deleteCookies();">Cerrar sesi&oacute;n</a></p>
</div>
</div><!-- fin menu_info -->
<div id="cont_mas_info">
<div id="select_idiomas">
<script language="javascript1.1" src='/hipercor/static/sm2/js/coremetrics/cmdatatagutilsHipercor.js'></script>
<script language="javascript1.1" src='/hipercor/static/sm2/js/coremetrics/v40/eluminateHipercor.js'></script>
<script type="text/javascript">
function changeLocale(locale) {
// tracking language flag links..
if(locale == 'es_ES') {
cmCreateManualLinkClickTag('http://www.elcorteingles.es/supermercado/sm2/catalog.jsp?cm_sp=general-_-banner-_-castellano', 'banner_castellano', 'SUPERMERCADO:PAGINA PRINCIPAL');
} else if(locale == 'ca_ES') {
cmCreateManualLinkClickTag('http://www.elcorteingles.es/supermercado/sm2/catalog.jsp?cm_sp=general-_-banner-_-catalan', 'banner_catalan', 'SUPERMERCADO:PAGINA PRINCIPAL');
} else if(locale == 'en_GB') {
cmCreateManualLinkClickTag('http://www.elcorteingles.es/supermercado/sm2/catalog.jsp?cm_sp=general-_-banner-_-ingles', 'banner_ingles', 'SUPERMERCADO:PAGINA PRINCIPAL');
}
document.getElementById('changeLocaleSuccessURL').value = document.location;
document.getElementById('locale').value = locale;
DWREngine.setAsync(true);
document.getElementById('changeLocaleButton').click();
}
</script>
<form action="/hipercor/sm2/common/private/header/headerLanguages.jsp?_DARGS=/sm2/common/private/header/headerLanguages.jsp.fm" name="fm" method="post" id="fm"><input value="iso-8859-15" type="hidden" name="_dyncharset"></input><input value="-226516553218810965" type="hidden" name="_dynSessConf"></input> <ul>
<script type="text/javascript">
cmCreateManualImpressionTag("SUPERMERCADO:PAGINA PRINCIPAL", "general-_-banner-_-ingles", null);
</script>
<td valign="bottom">
<input type="submit" style="display:none" name="changeLocaleButton" id="changeLocaleButton"><input value=" " type="hidden" name="_D:changeLocaleButton"> <input type="hidden" name="changeLocaleSuccessURL" id="changeLocaleSuccessURL" value="" />
<input type="hidden" id="locale" name="locale" value="" />
<input value="" type="hidden" name="/eci/supermarket/catalog/navigation/ChangeLocaleFormHandler.changeLocaleSuccessURL"><input value=" " type="hidden" name="_D:/eci/supermarket/catalog/navigation/ChangeLocaleFormHandler.changeLocaleSuccessURL"><input value="" type="hidden" name="/eci/supermarket/catalog/navigation/ChangeLocaleFormHandler.changeLocaleErrorURL"><input value=" " type="hidden" name="_D:/eci/supermarket/catalog/navigation/ChangeLocaleFormHandler.changeLocaleErrorURL">
<li>
<a href="#" accesskey="7" onclick="changeLocale('en_GB');">
<img title="not-set-for-locale" src="/hipercor/static/base/img/reg/ban/ban_en.gif" alt="not-set-for-locale"></img> </a>
</li>
</td>
</ul>
<input value="/sm2/common/private/header/headerLanguages.jsp.fm" type="hidden" name="_DARGS"></input></form> </div><!-- fin select_idiomas -->
<div style="clear:both;"></div>
<div id="telf_ayuda">
<p>Tel&eacute;fono de ayuda<span class="ico_telf">902 66 70 72</span></p>
</div><!-- fin telf_ayuda -->
</div><!-- fin cont_mas_info -->
</div><!-- fin cab_superior -->
<div id="cab_inferior">
<div id="mainnav">
<div id="nav">
<span class="inv"><strong>Men&uacute; principal</strong></span>
<ul>
<li><a accesskey="3" href="/hipercor/sm2/catalog/offers.jsp" onclick="showLoading();"><span>Ofertas</span></a></li>
<li><a accesskey="4" href="/hipercor/sm2/catalog/novelties.jsp" onclick="showLoading();"><span>Novedades</span></a></li>
<li><a accesskey="5" href="/hipercor/sm2/myorders/myOrders.jsp"><span>Mis Pedidos</span></a></li>
<li class="ultimo"><a accesskey="6" href="/hipercor/sm2/wishlist/wishListView.jsp"><span>Mis Listas</span></a></li>
</ul>
</div><!-- fin nav -->
<div id="cont_login">
<p>
<a href="#" accesskey="9" id="enlace_micompra" onclick="showHideTicket();return false;">
<span class="ticket">
<span class="micompra">MI COMPRA</span>
<span id="ticketLabel">
<span class="cesta_product">
1 &nbsp;producto </span>
</span>
<span class="verticket" id="mi_compra_ver_ticket">Ver ticket</span>
<span class="verticket" id="mi_compra_ocultar_ticket" style="display:none;">Ocultar</span>
</span>
</a>
</p>
<div id="contenido_ticket">
<div id="contenedor_micompra" class="estiloTicket">
<div id="compra_online_fijo" class="fijo_compra_online1">
<div class="ticket_box">
<div class="precio_product_box">
<p class="ahora">TOTAL:
<span>
3,19 &euro; </span>
</p>
</div>
</div>
<div class="btn_box_ticket">
<a href="/hipercor/sm2/checkout/setDefaultBrokenStockPolicy.jsp">Tramitar compra</a> </div>
</div>
<div id="drop_compra_online" class="desplegable_compra_online ticket"></div>
</div>
</div>
</div>
</div><!-- fin mainnav --> <div id="row_inferior">
<div id="buscador">
<form action="/hipercor/sm2/search/index.jsp?_DARGS=/sm2/catalog/search.jsp.searchForm" onsubmit="return checkForm(this);" name="searchForm" method="post" id="searchForm"><input value="iso-8859-15" type="hidden" name="_dyncharset"></input><input value="-226516553218810965" type="hidden" name="_dynSessConf"></input><input value="" type="hidden" name="/atg/commerce/search/ProductCatalogQueryFormHandler.refinementPropertyName"><input value=" " type="hidden" name="_D:/atg/commerce/search/ProductCatalogQueryFormHandler.refinementPropertyName"><input value="" type="hidden" name="/atg/commerce/search/ProductCatalogQueryFormHandler.refinementPropertyValue"><input value=" " type="hidden" name="_D:/atg/commerce/search/ProductCatalogQueryFormHandler.refinementPropertyValue"><input value="true" type="hidden" name="/atg/commerce/search/ProductCatalogSearchContext.attributes.searchMode"><input value=" " type="hidden" name="_D:/atg/commerce/search/ProductCatalogSearchContext.attributes.searchMode"><input value="/sm2/search/index.jsp" type="hidden" name="/atg/commerce/search/ProductCatalogQueryFormHandler.successURL"><input value=" " type="hidden" name="_D:/atg/commerce/search/ProductCatalogQueryFormHandler.successURL"><input value="/sm2/search/index.jsp" type="hidden" name="/atg/commerce/search/ProductCatalogQueryFormHandler.errorURL"><input value=" " type="hidden" name="_D:/atg/commerce/search/ProductCatalogQueryFormHandler.errorURL"> <p class="busc">
<input value="" accesskey="2" type="text" title="buscador" class="caja_buscador_home" onfocus="if(this.value=='') { this.value=''; }" name="question" id="question" onblur="if(this.value=='') { this.value=''; }"><input value=" " type="hidden" name="_D:question"> <input type="text" style="display:none" value=""/>
<input value="Buscar" type="submit" class="btn_buscar" style="padding-bottom:0.2em" name="/atg/commerce/search/ProductCatalogQueryFormHandler.search"><input value=" " type="hidden" name="_D:/atg/commerce/search/ProductCatalogQueryFormHandler.search"> </p>
<input value="/sm2/catalog/search.jsp.searchForm" type="hidden" name="_DARGS"></input></form> </div><!-- fin buscador -->
<script type="text/javascript">
function checkForm(id) {
showLoading();
var question= document.getElementById("question").value;
if (question == null || question == '' || question == '') {
alert('Por favor, introduzca un término a buscar.');
document.searchForm.question.focus();
hideLoading();
return false;
}
else if (question.length < 2) {
alert('Por favor, introduzca como mínimo dos caracteres para efectuar la búsqueda');
document.searchForm.question.focus();
hideLoading();
return false;
}
return true;
}
</script>
<div id="compra_express">
<p><a href="/hipercor/sm2/search/expressPurchase.jsp">Compra exprés</a> (lista de productos)</p>
</div>
</div><!-- fin row_inferior --> </div><!-- cab_inferior -->
<script type="text/javascript">
function deleteCookies(){
var a_all_cookies = document.cookie.split( ';' );
var a_temp_cookie = '';
var cookie_name = '';
for ( i = 0; i < a_all_cookies.length; i++ )
{
a_temp_cookie = a_all_cookies[i].split( '=' );
cookie_name = a_temp_cookie[0].replace(/^\s+|\s+$/g, '');
if (cookie_name.lastIndexOf("SESSION") != -1){
document.cookie = cookie_name + "=" + "" + ";expires=Thu, 01-Jan-1970 00:00:01 GMT" + ";path=/";
}
}
}
</script>
<div id="menu_categorias">
<div class="categorias">
<ul id="categorias-nivel-1">
<li>
<a href='Alimentación General' onclick="loadSuperSection('01120120425151226');return false;" id="01120120425151226">
<img width="85" height="36.6" title="Alimentación General" src="http://sgfm.elcorteingles.es/SGFM/supermarket/ESP/HIPERCOR/SUPERSECCIONES/es/20120425151226.gif" alt="Alimentación General"></img> </a>
</li>
<li>
<a href='Bebidas' onclick="loadSuperSection('01120120425151700');return false;" id="01120120425151700">
<img width="85" height="36.6" title="Bebidas" src="http://sgfm.elcorteingles.es/SGFM/supermarket/ESP/HIPERCOR/SUPERSECCIONES/es/20120425151700.gif" alt="Bebidas"></img> </a>
</li>
<li>
<a href='Productos Frescos' onclick="loadSuperSection('01120120425151840');return false;" id="01120120425151840">
<img width="85" height="36.6" title="Productos Frescos" src="http://sgfm.elcorteingles.es/SGFM/supermarket/ESP/HIPERCOR/SUPERSECCIONES/es/20120425151840.gif" alt="Productos Frescos"></img> </a>
</li>
<li>
<a href='Higiene Personal' onclick="loadSuperSection('01120120425152142');return false;" id="01120120425152142">
<img width="85" height="36.6" title="Higiene Personal" src="http://sgfm.elcorteingles.es/SGFM/supermarket/ESP/HIPERCOR/SUPERSECCIONES/es/20120425152142.gif" alt="Higiene Personal"></img> </a>
</li>
<li>
<a href='Droguería y Limpieza' onclick="loadSuperSection('01120120425152242');return false;" id="01120120425152242">
<img width="85" height="36.6" title="Droguería y Limpieza" src="http://sgfm.elcorteingles.es/SGFM/supermarket/ESP/HIPERCOR/SUPERSECCIONES/es/20120425152242.gif" alt="Droguería y Limpieza"></img> </a>
</li>
<li>
<a href='Mascotas' onclick="loadSuperSection('01120120425153556');return false;" id="01120120425153556">
<img width="85" height="36.6" title="Mascotas" src="http://sgfm.elcorteingles.es/SGFM/supermarket/ESP/HIPERCOR/SUPERSECCIONES/es/20120425153556.gif" alt="Mascotas"></img> </a>
</li>
<li>
<a href='Bebes' onclick="loadSuperSection('01120120425160407');return false;" id="01120120425160407">
<img width="85" height="36.6" title="Bebes" src="http://sgfm.elcorteingles.es/SGFM/supermarket/ESP/HIPERCOR/SUPERSECCIONES/es/20120425160407.gif" alt="Bebes"></img> </a>
</li>
<li>
<a href='Hogar' onclick="loadSuperSection('01120120425161321');return false;" id="01120120425161321">
<img width="85" height="36.6" title="Hogar" src="http://sgfm.elcorteingles.es/SGFM/supermarket/ESP/HIPERCOR/SUPERSECCIONES/es/20120425161321.gif" alt="Hogar"></img> </a>
</li>
<li>
<a href='Electrónica y ocio' onclick="loadSuperSection('01120120425163248');return false;" id="01120120425163248">
<img width="85" height="36.6" title="Electrónica y ocio" src="http://sgfm.elcorteingles.es/SGFM/supermarket/ESP/HIPERCOR/SUPERSECCIONES/es/20120425163248.gif" alt="Electrónica y ocio"></img> </a>
</li>
<li>
<a href='Automovil' onclick="loadSuperSection('01120120425164403');return false;" id="01120120425164403">
<img width="85" height="36.6" title="Automovil" src="http://sgfm.elcorteingles.es/SGFM/supermarket/ESP/HIPERCOR/SUPERSECCIONES/es/20120425164403.gif" alt="Automovil"></img> </a>
</li>
<li>
<a href='Jardinería' onclick="loadSuperSection('01120120425164141');return false;" id="01120120425164141">
<img width="85" height="36.6" title="Jardinería" src="http://sgfm.elcorteingles.es/SGFM/supermarket/ESP/HIPERCOR/SUPERSECCIONES/es/20120425164141.gif" alt="Jardinería"></img> </a>
</li>
</ul>
</div>
<!-- <script type="text/javascript">
function onErrorImg(obj, urlImg){
obj.src = urlImg;
//deshabilitar onerror para prevenir loop
obj.onerror = "";
return true;
}
</script> -->
</div>
</div>
<div id="contenedor" class="contop_novelty" style="margin-top: 17.5em;">
<script type="text/javascript">
var listName = [];
</script>
<form name="selectListForm" id="selectListForm"><input value="iso-8859-15" type="hidden" name="_dyncharset"></input><input value="-226516553218810965" type="hidden" name="_dynSessConf"></input> <script type="text/javascript">
listName.push('Habitual');
</script>
</form> <script type="text/javascript">
function applySubmit(size){
var x = document.getElementsByName("radiogroup");
var f = document.getElementById('fm');
var a = 0;
for (var i = 0; i < x.length; i++) {
if(x[i].checked) {
if(x[i].value == 'delete') {
if(!confirm("¿Está seguro de que desea eliminar esta lista?")) {
return false;
} else {
f.action = '../wishlist/wishListView.jsp';
}
}
if(x[i].value == 'modify') {
if(trim(document.getElementById('listDescription').value) == '') {
alert("Debe dar un nombre a la lista");
return false;
}
else {
if(isNameCorrect(listName, trim(document.getElementById('listDescription').value))
&& trim(document.getElementById('listDescription').value) != nameList){
alert("El nombre de la lista ya existe.");
return false;
}
else{
f.action = '../wishlist/wishList.jsp';
for(j = 0; j < size; j++) {
var itemKilos = document.getElementById('kilos' + j);
var itemGramos = document.getElementById('grams' + j);
var itemQuantity = document.getElementById('quantity' + j);
var itemSaleType = document.getElementById('saleType' + j);
var itemObservations = document.getElementById('observaciones' + j);
var itemPreparationType = document.getElementById('preparationType' + j);
var itemArea = document.getElementById('area' + j);
var giftListItemKilos = document.getElementById('giftListItemWeightKilos' + j);
var giftListItemGrams = document.getElementById('giftListItemWeightGrams' + j);
var giftListItemQuantity = document.getElementById('giftListItemQuantity' + j);
var giftListItemSaleType = document.getElementById('giftListItemSaleType' + j);
var giftListItemObservations = document.getElementById('giftListItemObservations' + j);
var giftListItemPreparationType = document.getElementById('giftListItemPreparationType' + j);
var giftListItemArea = document.getElementById('giftListItemArea' + j);
if(itemQuantity != null) {
if(itemQuantity.value == '') {
itemQuantity.value = '0';
giftListItemQuantity.value = '0';
} else {
giftListItemQuantity.value = itemQuantity.value;
}
}
if(itemKilos != null) {
if(itemKilos.value == '') {
itemKilos.value = '0';
giftListItemKilos.value = '0';
} else {
giftListItemKilos.value = itemKilos.value;
}
}
if(itemGramos != null) {
if(itemGramos.value == '') {
itemGramos.value = '0';
giftListItemGrams.value = '0';
} else {
giftListItemGrams.value = itemGramos.value;
}
}
if(itemPreparationType != null) {
giftListItemPreparationType.value = itemPreparationType.value;
}
if(itemSaleType != null) {
giftListItemSaleType.value = itemSaleType.value;
}
if(itemObservations != null) {
giftListItemObservations.value = itemObservations.value;
}
if(itemArea != null) {
giftListItemArea.value = itemArea.value;
}
}
}
}
}
if(x[i].value == 'add') {
f.action = '../catalog/cesta/successShoppingCart.jsp';
for(j = 0; j < size; j++) {
var itemKilos = document.getElementById('kilos' + j);
var itemGramos = document.getElementById('grams' + j);
var itemQuantity = document.getElementById('quantity' + j);
var itemSaleType = document.getElementById('saleType' + j);
var itemObservations = document.getElementById('observaciones' + j);
var itemPreparationType = document.getElementById('preparationType' + j);
var itemArea = document.getElementById('area' + j);
var giftListItemKilos = document.getElementById('giftListItemWeightKilos' + j);
var giftListItemGrams = document.getElementById('giftListItemWeightGrams' + j);
var giftListItemQuantity = document.getElementById('giftListItemQuantity' + j);
var giftListItemSaleType = document.getElementById('giftListItemSaleType' + j);
var giftListItemObservations = document.getElementById('giftListItemObservations' + j);
var giftListItemPreparationType = document.getElementById('giftListItemPreparationType' + j);
var giftListItemArea = document.getElementById('giftListItemArea' + j);
if(itemQuantity != null) {
if(itemQuantity.value == '') {
itemQuantity.value = '0';
giftListItemQuantity.value = '0';
} else {
giftListItemQuantity.value = itemQuantity.value;
}
}
if(itemKilos != null) {
if(itemKilos.value == '') {
itemKilos.value = '0';
giftListItemKilos.value = '0';
} else {
giftListItemKilos.value = itemKilos.value;
}
}
if(itemGramos != null) {
if(itemGramos.value == '') {
itemGramos.value = '0';
giftListItemGrams.value = '0';
} else {
giftListItemGrams.value = itemGramos.value;
}
}
if(itemPreparationType != null) {
giftListItemPreparationType.value = itemPreparationType.value;
}
if(itemSaleType != null) {
giftListItemSaleType.value = itemSaleType.value;
}
if(itemObservations != null) {
giftListItemObservations.value = itemObservations.value;
}
if(itemArea != null) {
giftListItemArea.value = itemArea.value;
}
}
}
document.getElementById(x[i].value).click();
}
else {
a++;
}
}
if(a == 3)
alert("Elige una opcion, por favor");
}
function isNameCorrect(list, name){
var i;
for (i = 0; i < list.length; i++) {
if (name == list[i]) {
return true;
}
}
return false;
}
function validate()
{
var x = document.getElementsByName("radiogroup");
for (var i = 0; i < x.length; i++) {
if(x[i].checked){
if(x[i].value == 'add') {
var oneChecked = false;
var j = 0;
for (k = 0; k < document.forms[0].elements.length; k++) {
var item = document.forms[0].elements[k];
if (item.type == 'checkbox') {
// item es un checkbox
j = j + 1;
if (item.checked) {
oneChecked = true;
break;
}
}
}
if (! oneChecked && j > 0) {
alert("Debes selecionar al menos un articulo");
return false;
} else {
return true;
}
}
}
}
}
function openOnlyUnitsPopup(giftListItemId, index, productId) {
var item = document.getElementById('quantity' + index);
var itemId = "item" + index;
quantity = getCurrentQuantity(item);
launchWindowSize('/sm2/catalog/normalProductDetailPopup.jsp?fromListing=true&giftListItemId=' + giftListItemId + '&index=' + index + '&productId=' + productId + '&origin=myLists&quantity=' + quantity, 545, 310);
/* launchWindowSizeBackground('/sm2/catalog/normalProductDetailPopup.jsp?fromListing=true&giftListItemId=' + giftListItemId + '&index=' + index + '&productId=' + productId + '&origin=myLists&quantity=' + quantity, 545, 250, false); */
}
</script>
<script language="javascript1.1" src='/hipercor/static/sm2/js/coremetrics/cmdatatagutilsHipercor.js'></script>
<script language="javascript1.1" src='/hipercor/static/sm2/js/coremetrics/v40/eluminateHipercor.js'></script>
<script language="javascript1.1">
cmCreatePageviewTag('HIPERCOR:CONSULTA:PEDIDO_HABITUAL', null, 'HIPERCOR:ECI_CATALOG:CONSULTA:PEDIDO_HABITUAL');
</script>
<div id="migas">
<div id="sendero">
<ul>
<li><a href="#">Hipercor</a></li>
<li><span class="vinetas">&nbsp;&nbsp;</span><a href="/hipercor/sm2/wishlist/wishListView.jsp">Mis listas</a></li>
<li><span class="vinetas">&nbsp;&nbsp;</span>Habitual</li>
</ul>
</div>
</div> <!-- fin migas -->
<div id="blq_cont">
<!-- fin left_col -->
<div id="main_cont_all">
<form action="/hipercor/sm2/wishlist/catalog/cesta/successShoppingCart.jsp?_DARGS=/sm2/wishlist/fragments/wishList.jsp.fm" onsubmit="return validate();" name="fm" method="post" id="fm"><input value="iso-8859-15" type="hidden" name="_dyncharset"></input><input value="-226516553218810965" type="hidden" name="_dynSessConf"></input> <input type="hidden" id="emptyQuantitysMsg" value="Especifique la cantidad de producto" />
<input value="gl126585719" type="hidden" name="/eci/supermarket/commerce/gifts/WishListsFormHandler.giftlistId"><input value=" " type="hidden" name="_D:/eci/supermarket/commerce/gifts/WishListsFormHandler.giftlistId"><input value="../wishlist/wishList.jsp?giftListId=gl126585719" type="hidden" name="/eci/supermarket/commerce/gifts/WishListsFormHandler.updateGiftlistItemsSuccessURL"><input value=" " type="hidden" name="_D:/eci/supermarket/commerce/gifts/WishListsFormHandler.updateGiftlistItemsSuccessURL"><input value="../wishlist/wishList.jsp?giftListId=gl126585719" type="hidden" name="/eci/supermarket/commerce/gifts/WishListsFormHandler.updateGiftlistItemsErrorURL"><input value=" " type="hidden" name="_D:/eci/supermarket/commerce/gifts/WishListsFormHandler.updateGiftlistItemsErrorURL"><input value="../wishlist/wishListView.jsp" type="hidden" name="/eci/supermarket/commerce/gifts/WishListsFormHandler.deleteGiftlistSuccessURL"><input value=" " type="hidden" name="_D:/eci/supermarket/commerce/gifts/WishListsFormHandler.deleteGiftlistSuccessURL"><input value="../wishlist/wishList.jsp?giftListId=gl126585719" type="hidden" name="/eci/supermarket/commerce/gifts/WishListsFormHandler.deleteGiftlistErrorURL"><input value=" " type="hidden" name="_D:/eci/supermarket/commerce/gifts/WishListsFormHandler.deleteGiftlistErrorURL"><input value="../catalog/cesta/successShoppingCart.jsp" type="hidden" name="/atg/commerce/order/purchase/CartModifierFormHandler.addMultipleItemsToOrderSuccessURL"><input value=" " type="hidden" name="_D:/atg/commerce/order/purchase/CartModifierFormHandler.addMultipleItemsToOrderSuccessURL"><input value="../catalog/cesta/successShoppingCart.jsp" type="hidden" name="/atg/commerce/order/purchase/CartModifierFormHandler.addMultipleItemsToOrderErrorURL"><input value=" " type="hidden" name="_D:/atg/commerce/order/purchase/CartModifierFormHandler.addMultipleItemsToOrderErrorURL"> <div id="encabezado_page">
<div class="titular">
<h1>Habitual</h1>
<script type="text/javascript">var nameList = 'Habitual';</script>
</div>
</div><!-- fin encabezado_page -->
<table id="shopping-cart-table" summary="Relación de productos a añadir, crear o sustituir en una lista de la compra.">
<caption class="inv">Productos a gestionar en la lista</caption>
<thead>
<tr class="fila_conceptos">
<th class="c_articulos" id="c1">Art&iacute;culos </th>
<th class="c_simbol" id="c2">S&iacute;mbolos</th>
<th class="c_precio_unidad" id="c3">Precio (unidad o <abbr title="kilogramo">kg</abbr>)</th>
<th class="c_cantidad" id="c4">Cantidad</th>
<th class="c_sustituir" abbr="A&ntilde;adir" id="c6">Añadir a la cesta</th>
</tr>
</thead>
<tbody>
<tr class="fila_categoria">
<th class="tit_categoria" id="r2" colspan="5"><h2> Alimentación general</h2></th>
</tr>
<tr>
<input value="1" type="hidden" name="area0" id="area0"><input value=" " type="hidden" name="_D:area0"><input value="1" type="hidden" name="giftListItemArea0" id="giftListItemArea0"><input value=" " type="hidden" name="_D:giftListItemArea0"><input value="0110200440800365___" type="hidden" name="productId0" id="productId0"><input value=" " type="hidden" name="_D:productId0"><input value="ninguno" type="hidden" name="brokenStockPolicy0" id="brokenStockPolicy0"><input value=" " type="hidden" name="_D:brokenStockPolicy0"><input value="ninguno" type="hidden" name="giftListItemBrokenStockPolicy0" id="giftListItemBrokenStockPolicy0"><input value=" " type="hidden" name="_D:giftListItemBrokenStockPolicy0">
<td class="cart_product" headers="c1 r2">
<div class="cart_product_img">
<a href="#" title="" onclick="openOnlyUnitsPopup('gi19680677', 0, '0110200440800365___','MIS_LISTAS'); return false;">
<img src="http://sgfm.elcorteingles.es/SGFM/00/36/5/0200440800365/0200440800365000x01011.jpg" alt=""></img> </a>
</div>
<div class="cart_product_txt">
<h3>
<a href="#" title="" id="item0" onclick="openOnlyUnitsPopup('gi19680677', 0, '0110200440800365___','MIS_LISTAS'); return false;">
<span>LA ESPAÑOLA aceitunas suaves rellenas de anchoa pack 3 latas 50 g neto escurrido</span>
</a>
</h3>
<p class="clear txt_descuento">
</p>
</div>
</td> 
<td headers="c2 r2">
<img width="21" height="21" title="¡Hemos bajado los precios!" class="simbolo_1" src="http://sgfm.elcorteingles.es/SGFM/supermarket/tematicos/es/011_bajamos_precios.gif" border="0" alt="¡Hemos bajado los precios!"></img>&nbsp;
</td> 
<td headers="c3 r2">
<div class="antes" style="margin-left: 0.8em;height:1.3em; text-decoration: line-through;"></div>
<div class="compra_product">
<div class="precio_product" style="width:">
<p class="ahora"><span>
1,85 &euro;</span></p>
<div class="precio_kg clear"> (12,33 &euro; / Kilo)</div>
</div>
</td>
<td headers="c4 r2">
<input value="0110200440800365___" type="hidden" name="catalogRefId0" id="catalogRefId0"><input value=" " type="hidden" name="_D:catalogRefId0"><input value="0110200440800365___" type="hidden" name="giftListItemCatalogRefId0" id="giftListItemCatalogRefId0"><input value=" " type="hidden" name="_D:giftListItemCatalogRefId0"><input value="0110200440800365___" type="hidden" name="productId0" id="productId0"><input value=" " type="hidden" name="_D:productId0"><input value="0110200440800365___" type="hidden" name="giftListItemProductId0" id="giftListItemProductId0"><input value=" " type="hidden" name="_D:giftListItemProductId0"><input value="supermarket" type="hidden" name="/atg/commerce/order/purchase/CartModifierFormHandler.itemsAux[0].value.originCatalogue"><input value=" " type="hidden" name="_D:/atg/commerce/order/purchase/CartModifierFormHandler.itemsAux[0].value.originCatalogue"><input value="supermarket" type="hidden" name="/eci/supermarket/commerce/gifts/WishListsFormHandler.items[0].value.originCatalogue"><input value=" " type="hidden" name="_D:/eci/supermarket/commerce/gifts/WishListsFormHandler.items[0].value.originCatalogue"><input value="MIS_LISTAS" type="hidden" name="/atg/commerce/order/purchase/CartModifierFormHandler.itemsAux[0].value.boughtFrom"><input value=" " type="hidden" name="_D:/atg/commerce/order/purchase/CartModifierFormHandler.itemsAux[0].value.boughtFrom"><input value="MIS_LISTAS" type="hidden" name="/eci/supermarket/commerce/gifts/WishListsFormHandler.items[0].value.boughtFrom"><input value=" " type="hidden" name="_D:/eci/supermarket/commerce/gifts/WishListsFormHandler.items[0].value.boughtFrom"><input value="unit" type="hidden" name="saleType0" id="saleType0"><input value=" " type="hidden" name="_D:saleType0"><input value="unit" type="hidden" name="giftListItemSaleType0" id="giftListItemSaleType0"><input value=" " type="hidden" name="_D:giftListItemSaleType0"> <table>
<tr>
<td rowspan="2" style="border:none">
<div class="caja_cantidad_shopping_cart">
<input value="1" onkeyup="javascript:updateOnlyUnits(event, 0, false, 'Especifique la cantidad de producto');" maxlength="3" type="text" align="absMiddle" style="font-size: 110%; font-family: MS Shell Dlg; text-align: center;" size="3" name="quantity0" id="quantity0"><input value=" " type="hidden" name="_D:quantity0"> </div>
</td>
<input value="0" type="hidden" name="giftListItemQuantity0" id="giftListItemQuantity0"><input value=" " type="hidden" name="_D:giftListItemQuantity0"> <input type="hidden" id='quantity_h0' name='quantity_h0' value='1' />
<td rowspan="2" style="border:none"><img width="4" height="10" src="/hipercor/static/sm2/img/elementos/nada.gif" border="0"></img></td>
<td valign="bottom"><img width="13" height="9" style="cursor: pointer" onclick="incrementOnlyUnits(0, false);" src="/hipercor/static/sm2/img/productos/mas.gif" border="0"></img></td>
<td rowspan="2" style="border:none"><img width="5" height="10" src="/hipercor/static/sm2/img/elementos/nada.gif" border="0"></img></td>
</tr>
<tr>
<td valign="top"><img style="cursor: pointer; float:left;" onclick="decrementOnlyUnits(0, false);" src="/hipercor/static/sm2/img/productos/menos.gif" border="0"></img></td>
</tr>
</table>
<input type="hidden" name="preparationType" id="preparationType" value="" />
</td> 
<td headers="c6 r2">
<div class="product_anadir">
<input type="checkbox" id='0110200440800365____checkbox' name="0110200440800365____checkbox" value="0110200440800365___" checked="checked"/>
</div>
</td>
</tr>
<tr>
<input value="1" type="hidden" name="area1" id="area1"><input value=" " type="hidden" name="_D:area1"><input value="1" type="hidden" name="giftListItemArea1" id="giftListItemArea1"><input value=" " type="hidden" name="_D:giftListItemArea1"><input value="0110200440800357___" type="hidden" name="productId1" id="productId1"><input value=" " type="hidden" name="_D:productId1"><input value="ninguno" type="hidden" name="brokenStockPolicy1" id="brokenStockPolicy1"><input value=" " type="hidden" name="_D:brokenStockPolicy1"><input value="ninguno" type="hidden" name="giftListItemBrokenStockPolicy1" id="giftListItemBrokenStockPolicy1"><input value=" " type="hidden" name="_D:giftListItemBrokenStockPolicy1">
<td class="cart_product" headers="c1 r2">
<div class="cart_product_img">
<a href="#" title="" onclick="openOnlyUnitsPopup('gi19680678', 1, '0110200440800357___','MIS_LISTAS'); return false;">
<img src="http://sgfm.elcorteingles.es/SGFM/00/35/7/0200440800357/0200440800357000x01011.jpg" alt=""></img> </a>
</div>
<div class="cart_product_txt">
<h3>
<a href="#" title="" id="item1" onclick="openOnlyUnitsPopup('gi19680678', 1, '0110200440800357___','MIS_LISTAS'); return false;">
<span>LA ESPAÑOLA aceitunas rellenas de anchoa pack 3 latas 50 g neto escurrido</span>
</a>
</h3>
<p class="clear txt_descuento">
</p>
</div>
</td> 
<td headers="c2 r2">
&nbsp;
</td> 
<td headers="c3 r2">
<div class="antes" style="margin-left: 0.8em;height:1.3em; text-decoration: line-through;"></div>
<div class="compra_product">
<div class="precio_product" style="width:">
<p class="ahora"><span>
2,65 &euro;</span></p>
<div class="precio_kg clear"> (17,67 &euro; / Kilo)</div>
</div>
</td>
<td headers="c4 r2">
<input value="0110200440800357___" type="hidden" name="catalogRefId1" id="catalogRefId1"><input value=" " type="hidden" name="_D:catalogRefId1"><input value="0110200440800357___" type="hidden" name="giftListItemCatalogRefId1" id="giftListItemCatalogRefId1"><input value=" " type="hidden" name="_D:giftListItemCatalogRefId1"><input value="0110200440800357___" type="hidden" name="productId1" id="productId1"><input value=" " type="hidden" name="_D:productId1"><input value="0110200440800357___" type="hidden" name="giftListItemProductId1" id="giftListItemProductId1"><input value=" " type="hidden" name="_D:giftListItemProductId1"><input value="supermarket" type="hidden" name="/atg/commerce/order/purchase/CartModifierFormHandler.itemsAux[1].value.originCatalogue"><input value=" " type="hidden" name="_D:/atg/commerce/order/purchase/CartModifierFormHandler.itemsAux[1].value.originCatalogue"><input value="supermarket" type="hidden" name="/eci/supermarket/commerce/gifts/WishListsFormHandler.items[1].value.originCatalogue"><input value=" " type="hidden" name="_D:/eci/supermarket/commerce/gifts/WishListsFormHandler.items[1].value.originCatalogue"><input value="MIS_LISTAS" type="hidden" name="/atg/commerce/order/purchase/CartModifierFormHandler.itemsAux[1].value.boughtFrom"><input value=" " type="hidden" name="_D:/atg/commerce/order/purchase/CartModifierFormHandler.itemsAux[1].value.boughtFrom"><input value="MIS_LISTAS" type="hidden" name="/eci/supermarket/commerce/gifts/WishListsFormHandler.items[1].value.boughtFrom"><input value=" " type="hidden" name="_D:/eci/supermarket/commerce/gifts/WishListsFormHandler.items[1].value.boughtFrom"><input value="unit" type="hidden" name="saleType1" id="saleType1"><input value=" " type="hidden" name="_D:saleType1"><input value="unit" type="hidden" name="giftListItemSaleType1" id="giftListItemSaleType1"><input value=" " type="hidden" name="_D:giftListItemSaleType1"> <table>
<tr>
<td rowspan="2" style="border:none">
<div class="caja_cantidad_shopping_cart">
<input value="1" onkeyup="javascript:updateOnlyUnits(event, 1, false, 'Especifique la cantidad de producto');" maxlength="3" type="text" align="absMiddle" style="font-size: 110%; font-family: MS Shell Dlg; text-align: center;" size="3" name="quantity1" id="quantity1"><input value=" " type="hidden" name="_D:quantity1"> </div>
</td>
<input value="0" type="hidden" name="giftListItemQuantity1" id="giftListItemQuantity1"><input value=" " type="hidden" name="_D:giftListItemQuantity1"> <input type="hidden" id='quantity_h1' name='quantity_h1' value='1' />
<td rowspan="2" style="border:none"><img width="4" height="10" src="/hipercor/static/sm2/img/elementos/nada.gif" border="0"></img></td>
<td valign="bottom"><img width="13" height="9" style="cursor: pointer" onclick="incrementOnlyUnits(1, false);" src="/hipercor/static/sm2/img/productos/mas.gif" border="0"></img></td>
<td rowspan="2" style="border:none"><img width="5" height="10" src="/hipercor/static/sm2/img/elementos/nada.gif" border="0"></img></td>
</tr>
<tr>
<td valign="top"><img style="cursor: pointer; float:left;" onclick="decrementOnlyUnits(1, false);" src="/hipercor/static/sm2/img/productos/menos.gif" border="0"></img></td>
</tr>
</table>
<input type="hidden" name="preparationType" id="preparationType" value="" />
</td> 
<td headers="c6 r2">
<div class="product_anadir">
<input type="checkbox" id='0110200440800357____checkbox' name="0110200440800357____checkbox" value="0110200440800357___" checked="checked"/>
</div>
</td>
</tr>
<tr>
<input value="1" type="hidden" name="area2" id="area2"><input value=" " type="hidden" name="_D:area2"><input value="1" type="hidden" name="giftListItemArea2" id="giftListItemArea2"><input value=" " type="hidden" name="_D:giftListItemArea2"><input value="0110200106100092___" type="hidden" name="productId2" id="productId2"><input value=" " type="hidden" name="_D:productId2"><input value="ninguno" type="hidden" name="brokenStockPolicy2" id="brokenStockPolicy2"><input value=" " type="hidden" name="_D:brokenStockPolicy2"><input value="ninguno" type="hidden" name="giftListItemBrokenStockPolicy2" id="giftListItemBrokenStockPolicy2"><input value=" " type="hidden" name="_D:giftListItemBrokenStockPolicy2">
<td class="cart_product" headers="c1 r2">
<div class="cart_product_img">
<a href="#" title="" onclick="openOnlyUnitsPopup('gi19680680', 2, '0110200106100092___','MIS_LISTAS'); return false;">
<img src="http://sgfm.elcorteingles.es/SGFM/00/09/2/0200106100092/0200106100092000x01011.jpg" alt=""></img> </a>
</div>
<div class="cart_product_txt">
<h3>
<a href="#" title="" id="item2" onclick="openOnlyUnitsPopup('gi19680680', 2, '0110200106100092___','MIS_LISTAS'); return false;">
<span>ALIADA atún claro en escabeche pack 3 latas 52 g neto escurrido</span>
</a>
</h3>
<p class="clear txt_descuento">
</p>
</div>
</td> 
<td headers="c2 r2">
<img width="21" height="21" title="Producto sin gluten" class="simbolo_1" src="http://sgfm.elcorteingles.es/SGFM/supermarket/tematicos/es/011_singluten.gif" border="0" alt="Producto sin gluten"></img>&nbsp;
</td> 
<td headers="c3 r2">
<div class="antes" style="margin-left: 0.8em;height:1.3em; text-decoration: line-through;"></div>
<div class="compra_product">
<div class="precio_product" style="width:">
<p class="ahora"><span>
1,62 &euro;</span></p>
<div class="precio_kg clear"> (10,38 &euro; / Kilo)</div>
</div>
</td>
<td headers="c4 r2">
<input value="0110200106100092___" type="hidden" name="catalogRefId2" id="catalogRefId2"><input value=" " type="hidden" name="_D:catalogRefId2"><input value="0110200106100092___" type="hidden" name="giftListItemCatalogRefId2" id="giftListItemCatalogRefId2"><input value=" " type="hidden" name="_D:giftListItemCatalogRefId2"><input value="0110200106100092___" type="hidden" name="productId2" id="productId2"><input value=" " type="hidden" name="_D:productId2"><input value="0110200106100092___" type="hidden" name="giftListItemProductId2" id="giftListItemProductId2"><input value=" " type="hidden" name="_D:giftListItemProductId2"><input value="supermarket" type="hidden" name="/atg/commerce/order/purchase/CartModifierFormHandler.itemsAux[2].value.originCatalogue"><input value=" " type="hidden" name="_D:/atg/commerce/order/purchase/CartModifierFormHandler.itemsAux[2].value.originCatalogue"><input value="supermarket" type="hidden" name="/eci/supermarket/commerce/gifts/WishListsFormHandler.items[2].value.originCatalogue"><input value=" " type="hidden" name="_D:/eci/supermarket/commerce/gifts/WishListsFormHandler.items[2].value.originCatalogue"><input value="MIS_LISTAS" type="hidden" name="/atg/commerce/order/purchase/CartModifierFormHandler.itemsAux[2].value.boughtFrom"><input value=" " type="hidden" name="_D:/atg/commerce/order/purchase/CartModifierFormHandler.itemsAux[2].value.boughtFrom"><input value="MIS_LISTAS" type="hidden" name="/eci/supermarket/commerce/gifts/WishListsFormHandler.items[2].value.boughtFrom"><input value=" " type="hidden" name="_D:/eci/supermarket/commerce/gifts/WishListsFormHandler.items[2].value.boughtFrom"><input value="unit" type="hidden" name="saleType2" id="saleType2"><input value=" " type="hidden" name="_D:saleType2"><input value="unit" type="hidden" name="giftListItemSaleType2" id="giftListItemSaleType2"><input value=" " type="hidden" name="_D:giftListItemSaleType2"> <table>
<tr>
<td rowspan="2" style="border:none">
<div class="caja_cantidad_shopping_cart">
<input value="1" onkeyup="javascript:updateOnlyUnits(event, 2, false, 'Especifique la cantidad de producto');" maxlength="3" type="text" align="absMiddle" style="font-size: 110%; font-family: MS Shell Dlg; text-align: center;" size="3" name="quantity2" id="quantity2"><input value=" " type="hidden" name="_D:quantity2"> </div>
</td>
<input value="0" type="hidden" name="giftListItemQuantity2" id="giftListItemQuantity2"><input value=" " type="hidden" name="_D:giftListItemQuantity2"> <input type="hidden" id='quantity_h2' name='quantity_h2' value='1' />
<td rowspan="2" style="border:none"><img width="4" height="10" src="/hipercor/static/sm2/img/elementos/nada.gif" border="0"></img></td>
<td valign="bottom"><img width="13" height="9" style="cursor: pointer" onclick="incrementOnlyUnits(2, false);" src="/hipercor/static/sm2/img/productos/mas.gif" border="0"></img></td>
<td rowspan="2" style="border:none"><img width="5" height="10" src="/hipercor/static/sm2/img/elementos/nada.gif" border="0"></img></td>
</tr>
<tr>
<td valign="top"><img style="cursor: pointer; float:left;" onclick="decrementOnlyUnits(2, false);" src="/hipercor/static/sm2/img/productos/menos.gif" border="0"></img></td>
</tr>
</table>
<input type="hidden" name="preparationType" id="preparationType" value="" />
</td> 
<td headers="c6 r2">
<div class="product_anadir">
<input type="checkbox" id='0110200106100092____checkbox' name="0110200106100092____checkbox" value="0110200106100092___" checked="checked"/>
</div>
</td>
</tr>
<tr>
<input value="1" type="hidden" name="area3" id="area3"><input value=" " type="hidden" name="_D:area3"><input value="1" type="hidden" name="giftListItemArea3" id="giftListItemArea3"><input value=" " type="hidden" name="_D:giftListItemArea3"><input value="0110200123700932___" type="hidden" name="productId3" id="productId3"><input value=" " type="hidden" name="_D:productId3"><input value="ninguno" type="hidden" name="brokenStockPolicy3" id="brokenStockPolicy3"><input value=" " type="hidden" name="_D:brokenStockPolicy3"><input value="ninguno" type="hidden" name="giftListItemBrokenStockPolicy3" id="giftListItemBrokenStockPolicy3"><input value=" " type="hidden" name="_D:giftListItemBrokenStockPolicy3">
<td class="cart_product" headers="c1 r2">
<div class="cart_product_img">
<a href="#" title="" onclick="openOnlyUnitsPopup('gi19680688', 3, '0110200123700932___','MIS_LISTAS'); return false;">
<img src="http://sgfm.elcorteingles.es/SGFM/00/93/2/0200123700932/0200123700932000x01011.jpg" alt=""></img> </a>
</div>
<div class="cart_product_txt">
<h3>
<a href="#" title="" id="item3" onclick="openOnlyUnitsPopup('gi19680688', 3, '0110200123700932___','MIS_LISTAS'); return false;">
<span>BAJAMAR espárragos blancos cortos 6-12 piezas frasco 110 g neto escurrido</span>
</a>
</h3>
<p class="clear txt_descuento">
</p>
</div>
</td> 
<td headers="c2 r2">
&nbsp;
</td> 
<td headers="c3 r2">
<div class="antes" style="margin-left: 0.8em;height:1.3em; text-decoration: line-through;"></div>
<div class="compra_product">
<div class="precio_product" style="width:">
<p class="ahora"><span>
2,15 &euro;</span></p>
<div class="precio_kg clear"> (19,55 &euro; / Kilo)</div>
</div>
</td>
<td headers="c4 r2">
<input value="0110200123700932___" type="hidden" name="catalogRefId3" id="catalogRefId3"><input value=" " type="hidden" name="_D:catalogRefId3"><input value="0110200123700932___" type="hidden" name="giftListItemCatalogRefId3" id="giftListItemCatalogRefId3"><input value=" " type="hidden" name="_D:giftListItemCatalogRefId3"><input value="0110200123700932___" type="hidden" name="productId3" id="productId3"><input value=" " type="hidden" name="_D:productId3"><input value="0110200123700932___" type="hidden" name="giftListItemProductId3" id="giftListItemProductId3"><input value=" " type="hidden" name="_D:giftListItemProductId3"><input value="supermarket" type="hidden" name="/atg/commerce/order/purchase/CartModifierFormHandler.itemsAux[3].value.originCatalogue"><input value=" " type="hidden" name="_D:/atg/commerce/order/purchase/CartModifierFormHandler.itemsAux[3].value.originCatalogue"><input value="supermarket" type="hidden" name="/eci/supermarket/commerce/gifts/WishListsFormHandler.items[3].value.originCatalogue"><input value=" " type="hidden" name="_D:/eci/supermarket/commerce/gifts/WishListsFormHandler.items[3].value.originCatalogue"><input value="MIS_LISTAS" type="hidden" name="/atg/commerce/order/purchase/CartModifierFormHandler.itemsAux[3].value.boughtFrom"><input value=" " type="hidden" name="_D:/atg/commerce/order/purchase/CartModifierFormHandler.itemsAux[3].value.boughtFrom"><input value="MIS_LISTAS" type="hidden" name="/eci/supermarket/commerce/gifts/WishListsFormHandler.items[3].value.boughtFrom"><input value=" " type="hidden" name="_D:/eci/supermarket/commerce/gifts/WishListsFormHandler.items[3].value.boughtFrom"><input value="unit" type="hidden" name="saleType3" id="saleType3"><input value=" " type="hidden" name="_D:saleType3"><input value="unit" type="hidden" name="giftListItemSaleType3" id="giftListItemSaleType3"><input value=" " type="hidden" name="_D:giftListItemSaleType3"> <table>
<tr>
<td rowspan="2" style="border:none">
<div class="caja_cantidad_shopping_cart">
<input value="1" onkeyup="javascript:updateOnlyUnits(event, 3, false, 'Especifique la cantidad de producto');" maxlength="3" type="text" align="absMiddle" style="font-size: 110%; font-family: MS Shell Dlg; text-align: center;" size="3" name="quantity3" id="quantity3"><input value=" " type="hidden" name="_D:quantity3"> </div>
</td>
<input value="0" type="hidden" name="giftListItemQuantity3" id="giftListItemQuantity3"><input value=" " type="hidden" name="_D:giftListItemQuantity3"> <input type="hidden" id='quantity_h3' name='quantity_h3' value='1' />
<td rowspan="2" style="border:none"><img width="4" height="10" src="/hipercor/static/sm2/img/elementos/nada.gif" border="0"></img></td>
<td valign="bottom"><img width="13" height="9" style="cursor: pointer" onclick="incrementOnlyUnits(3, false);" src="/hipercor/static/sm2/img/productos/mas.gif" border="0"></img></td>
<td rowspan="2" style="border:none"><img width="5" height="10" src="/hipercor/static/sm2/img/elementos/nada.gif" border="0"></img></td>
</tr>
<tr>
<td valign="top"><img style="cursor: pointer; float:left;" onclick="decrementOnlyUnits(3, false);" src="/hipercor/static/sm2/img/productos/menos.gif" border="0"></img></td>
</tr>
</table>
<input type="hidden" name="preparationType" id="preparationType" value="" />
</td> 
<td headers="c6 r2">
<div class="product_anadir">
<input type="checkbox" id='0110200123700932____checkbox' name="0110200123700932____checkbox" value="0110200123700932___" checked="checked"/>
</div>
</td>
</tr>
<tr>
<input value="1" type="hidden" name="area4" id="area4"><input value=" " type="hidden" name="_D:area4"><input value="1" type="hidden" name="giftListItemArea4" id="giftListItemArea4"><input value=" " type="hidden" name="_D:giftListItemArea4"><input value="0110200129900791___" type="hidden" name="productId4" id="productId4"><input value=" " type="hidden" name="_D:productId4"><input value="ninguno" type="hidden" name="brokenStockPolicy4" id="brokenStockPolicy4"><input value=" " type="hidden" name="_D:brokenStockPolicy4"><input value="ninguno" type="hidden" name="giftListItemBrokenStockPolicy4" id="giftListItemBrokenStockPolicy4"><input value=" " type="hidden" name="_D:giftListItemBrokenStockPolicy4">
<td class="cart_product" headers="c1 r2">
<div class="cart_product_img">
<a href="#" title="" onclick="openOnlyUnitsPopup('gi19680689', 4, '0110200129900791___','MIS_LISTAS'); return false;">
<img src="http://sgfm.elcorteingles.es/SGFM/00/79/1/0200129900791/0200129900791000x01011.jpg" alt=""></img> </a>
</div>
<div class="cart_product_txt">
<h3>
<a href="#" title="" id="item4" onclick="openOnlyUnitsPopup('gi19680689', 4, '0110200129900791___','MIS_LISTAS'); return false;">
<span>P&amp;W cebolla frita crujiente envase 100 g</span>
</a>
</h3>
<p class="clear txt_descuento">
</p>
</div>
</td> 
<td headers="c2 r2">
<img width="21" height="21" title="¡Hemos bajado los precios!" class="simbolo_1" src="http://sgfm.elcorteingles.es/SGFM/supermarket/tematicos/es/011_bajamos_precios.gif" border="0" alt="¡Hemos bajado los precios!"></img>&nbsp;
</td> 
<td headers="c3 r2">
<div class="antes" style="margin-left: 0.8em;height:1.3em; text-decoration: line-through;"></div>
<div class="compra_product">
<div class="precio_product" style="width:">
<p class="ahora"><span>
1,19 &euro;</span></p>
<div class="precio_kg clear"> (11,9 &euro; / Kilo)</div>
</div>
</td>
<td headers="c4 r2">
<input value="0110200129900791___" type="hidden" name="catalogRefId4" id="catalogRefId4"><input value=" " type="hidden" name="_D:catalogRefId4"><input value="0110200129900791___" type="hidden" name="giftListItemCatalogRefId4" id="giftListItemCatalogRefId4"><input value=" " type="hidden" name="_D:giftListItemCatalogRefId4"><input value="0110200129900791___" type="hidden" name="productId4" id="productId4"><input value=" " type="hidden" name="_D:productId4"><input value="0110200129900791___" type="hidden" name="giftListItemProductId4" id="giftListItemProductId4"><input value=" " type="hidden" name="_D:giftListItemProductId4"><input value="supermarket" type="hidden" name="/atg/commerce/order/purchase/CartModifierFormHandler.itemsAux[4].value.originCatalogue"><input value=" " type="hidden" name="_D:/atg/commerce/order/purchase/CartModifierFormHandler.itemsAux[4].value.originCatalogue"><input value="supermarket" type="hidden" name="/eci/supermarket/commerce/gifts/WishListsFormHandler.items[4].value.originCatalogue"><input value=" " type="hidden" name="_D:/eci/supermarket/commerce/gifts/WishListsFormHandler.items[4].value.originCatalogue"><input value="MIS_LISTAS" type="hidden" name="/atg/commerce/order/purchase/CartModifierFormHandler.itemsAux[4].value.boughtFrom"><input value=" " type="hidden" name="_D:/atg/commerce/order/purchase/CartModifierFormHandler.itemsAux[4].value.boughtFrom"><input value="MIS_LISTAS" type="hidden" name="/eci/supermarket/commerce/gifts/WishListsFormHandler.items[4].value.boughtFrom"><input value=" " type="hidden" name="_D:/eci/supermarket/commerce/gifts/WishListsFormHandler.items[4].value.boughtFrom"><input value="unit" type="hidden" name="saleType4" id="saleType4"><input value=" " type="hidden" name="_D:saleType4"><input value="unit" type="hidden" name="giftListItemSaleType4" id="giftListItemSaleType4"><input value=" " type="hidden" name="_D:giftListItemSaleType4"> <table>
<tr>
<td rowspan="2" style="border:none">
<div class="caja_cantidad_shopping_cart">
<input value="1" onkeyup="javascript:updateOnlyUnits(event, 4, false, 'Especifique la cantidad de producto');" maxlength="3" type="text" align="absMiddle" style="font-size: 110%; font-family: MS Shell Dlg; text-align: center;" size="3" name="quantity4" id="quantity4"><input value=" " type="hidden" name="_D:quantity4"> </div>
</td>
<input value="0" type="hidden" name="giftListItemQuantity4" id="giftListItemQuantity4"><input value=" " type="hidden" name="_D:giftListItemQuantity4"> <input type="hidden" id='quantity_h4' name='quantity_h4' value='1' />
<td rowspan="2" style="border:none"><img width="4" height="10" src="/hipercor/static/sm2/img/elementos/nada.gif" border="0"></img></td>
<td valign="bottom"><img width="13" height="9" style="cursor: pointer" onclick="incrementOnlyUnits(4, false);" src="/hipercor/static/sm2/img/productos/mas.gif" border="0"></img></td>
<td rowspan="2" style="border:none"><img width="5" height="10" src="/hipercor/static/sm2/img/elementos/nada.gif" border="0"></img></td>
</tr>
<tr>
<td valign="top"><img style="cursor: pointer; float:left;" onclick="decrementOnlyUnits(4, false);" src="/hipercor/static/sm2/img/productos/menos.gif" border="0"></img></td>
</tr>
</table>
<input type="hidden" name="preparationType" id="preparationType" value="" />
</td> 
<td headers="c6 r2">
<div class="product_anadir">
<input type="checkbox" id='0110200129900791____checkbox' name="0110200129900791____checkbox" value="0110200129900791___" checked="checked"/>
</div>
</td>
</tr>
<tr>
<input value="1" type="hidden" name="area5" id="area5"><input value=" " type="hidden" name="_D:area5"><input value="1" type="hidden" name="giftListItemArea5" id="giftListItemArea5"><input value=" " type="hidden" name="_D:giftListItemArea5"><input value="0110200440700961___" type="hidden" name="productId5" id="productId5"><input value=" " type="hidden" name="_D:productId5"><input value="ninguno" type="hidden" name="brokenStockPolicy5" id="brokenStockPolicy5"><input value=" " type="hidden" name="_D:brokenStockPolicy5"><input value="ninguno" type="hidden" name="giftListItemBrokenStockPolicy5" id="giftListItemBrokenStockPolicy5"><input value=" " type="hidden" name="_D:giftListItemBrokenStockPolicy5">
<td class="cart_product" headers="c1 r2">
<div class="cart_product_img">
<a href="#" title="" onclick="openOnlyUnitsPopup('gi19680692', 5, '0110200440700961___','MIS_LISTAS'); return false;">
<img src="http://sgfm.elcorteingles.es/SGFM/00/96/1/0200440700961/0200440700961000x01011.jpg" alt=""></img> </a>
</div>
<div class="cart_product_txt">
<h3>
<a href="#" title="" id="item5" onclick="openOnlyUnitsPopup('gi19680692', 5, '0110200440700961___','MIS_LISTAS'); return false;">
<span>ALIADA cebollitas en vinagre frasco 190 g neto escurrido</span>
</a>
</h3>
<p class="clear txt_descuento">
</p>
</div>
</td> 
<td headers="c2 r2">
&nbsp;
</td> 
<td headers="c3 r2">
<div class="antes" style="margin-left: 0.8em;height:1.3em; text-decoration: line-through;"></div>
<div class="compra_product">
<div class="precio_product" style="width:">
<p class="ahora"><span>
0,95 &euro;</span></p>
<div class="precio_kg clear"> (5 &euro; / Kilo)</div>
</div>
</td>
<td headers="c4 r2">
<input value="0110200440700961___" type="hidden" name="catalogRefId5" id="catalogRefId5"><input value=" " type="hidden" name="_D:catalogRefId5"><input value="0110200440700961___" type="hidden" name="giftListItemCatalogRefId5" id="giftListItemCatalogRefId5"><input value=" " type="hidden" name="_D:giftListItemCatalogRefId5"><input value="0110200440700961___" type="hidden" name="productId5" id="productId5"><input value=" " type="hidden" name="_D:productId5"><input value="0110200440700961___" type="hidden" name="giftListItemProductId5" id="giftListItemProductId5"><input value=" " type="hidden" name="_D:giftListItemProductId5"><input value="supermarket" type="hidden" name="/atg/commerce/order/purchase/CartModifierFormHandler.itemsAux[5].value.originCatalogue"><input value=" " type="hidden" name="_D:/atg/commerce/order/purchase/CartModifierFormHandler.itemsAux[5].value.originCatalogue"><input value="supermarket" type="hidden" name="/eci/supermarket/commerce/gifts/WishListsFormHandler.items[5].value.originCatalogue"><input value=" " type="hidden" name="_D:/eci/supermarket/commerce/gifts/WishListsFormHandler.items[5].value.originCatalogue"><input value="MIS_LISTAS" type="hidden" name="/atg/commerce/order/purchase/CartModifierFormHandler.itemsAux[5].value.boughtFrom"><input value=" " type="hidden" name="_D:/atg/commerce/order/purchase/CartModifierFormHandler.itemsAux[5].value.boughtFrom"><input value="MIS_LISTAS" type="hidden" name="/eci/supermarket/commerce/gifts/WishListsFormHandler.items[5].value.boughtFrom"><input value=" " type="hidden" name="_D:/eci/supermarket/commerce/gifts/WishListsFormHandler.items[5].value.boughtFrom"><input value="unit" type="hidden" name="saleType5" id="saleType5"><input value=" " type="hidden" name="_D:saleType5"><input value="unit" type="hidden" name="giftListItemSaleType5" id="giftListItemSaleType5"><input value=" " type="hidden" name="_D:giftListItemSaleType5"> <table>
<tr>
<td rowspan="2" style="border:none">
<div class="caja_cantidad_shopping_cart">
<input value="1" onkeyup="javascript:updateOnlyUnits(event, 5, false, 'Especifique la cantidad de producto');" maxlength="3" type="text" align="absMiddle" style="font-size: 110%; font-family: MS Shell Dlg; text-align: center;" size="3" name="quantity5" id="quantity5"><input value=" " type="hidden" name="_D:quantity5"> </div>
</td>
<input value="0" type="hidden" name="giftListItemQuantity5" id="giftListItemQuantity5"><input value=" " type="hidden" name="_D:giftListItemQuantity5"> <input type="hidden" id='quantity_h5' name='quantity_h5' value='1' />
<td rowspan="2" style="border:none"><img width="4" height="10" src="/hipercor/static/sm2/img/elementos/nada.gif" border="0"></img></td>
<td valign="bottom"><img width="13" height="9" style="cursor: pointer" onclick="incrementOnlyUnits(5, false);" src="/hipercor/static/sm2/img/productos/mas.gif" border="0"></img></td>
<td rowspan="2" style="border:none"><img width="5" height="10" src="/hipercor/static/sm2/img/elementos/nada.gif" border="0"></img></td>
</tr>
<tr>
<td valign="top"><img style="cursor: pointer; float:left;" onclick="decrementOnlyUnits(5, false);" src="/hipercor/static/sm2/img/productos/menos.gif" border="0"></img></td>
</tr>
</table>
<input type="hidden" name="preparationType" id="preparationType" value="" />
</td> 
<td headers="c6 r2">
<div class="product_anadir">
<input type="checkbox" id='0110200440700961____checkbox' name="0110200440700961____checkbox" value="0110200440700961___" checked="checked"/>
</div>
</td>
</tr>
<tr>
<input value="1" type="hidden" name="area6" id="area6"><input value=" " type="hidden" name="_D:area6"><input value="1" type="hidden" name="giftListItemArea6" id="giftListItemArea6"><input value=" " type="hidden" name="_D:giftListItemArea6"><input value="0110200440900231___" type="hidden" name="productId6" id="productId6"><input value=" " type="hidden" name="_D:productId6"><input value="ninguno" type="hidden" name="brokenStockPolicy6" id="brokenStockPolicy6"><input value=" " type="hidden" name="_D:brokenStockPolicy6"><input value="ninguno" type="hidden" name="giftListItemBrokenStockPolicy6" id="giftListItemBrokenStockPolicy6"><input value=" " type="hidden" name="_D:giftListItemBrokenStockPolicy6">
<td class="cart_product" headers="c1 r2">
<div class="cart_product_img">
<a href="#" title="" onclick="openOnlyUnitsPopup('gi19680693', 6, '0110200440900231___','MIS_LISTAS'); return false;">
<img src="http://sgfm.elcorteingles.es/SGFM/00/23/1/0200440900231/0200440900231000x01011.jpg" alt=""></img> </a>
</div>
<div class="cart_product_txt">
<h3>
<a href="#" title="" id="item6" onclick="openOnlyUnitsPopup('gi19680693', 6, '0110200440900231___','MIS_LISTAS'); return false;">
<span>RIOVERDE pepinillos sabor anchoa frasco 180 g neto escurrido</span>
</a>
</h3>
<p class="clear txt_descuento">
</p>
</div>
</td> 
<td headers="c2 r2">
&nbsp;
</td> 
<td headers="c3 r2">
<div class="antes" style="margin-left: 0.8em;height:1.3em; text-decoration: line-through;"></div>
<div class="compra_product">
<div class="precio_product" style="width:">
<p class="ahora"><span>
1,38 &euro;</span></p>
<div class="precio_kg clear"> (7,67 &euro; / Kilo)</div>
</div>
</td>
<td headers="c4 r2">
<input value="0110200440900231___" type="hidden" name="catalogRefId6" id="catalogRefId6"><input value=" " type="hidden" name="_D:catalogRefId6"><input value="0110200440900231___" type="hidden" name="giftListItemCatalogRefId6" id="giftListItemCatalogRefId6"><input value=" " type="hidden" name="_D:giftListItemCatalogRefId6"><input value="0110200440900231___" type="hidden" name="productId6" id="productId6"><input value=" " type="hidden" name="_D:productId6"><input value="0110200440900231___" type="hidden" name="giftListItemProductId6" id="giftListItemProductId6"><input value=" " type="hidden" name="_D:giftListItemProductId6"><input value="supermarket" type="hidden" name="/atg/commerce/order/purchase/CartModifierFormHandler.itemsAux[6].value.originCatalogue"><input value=" " type="hidden" name="_D:/atg/commerce/order/purchase/CartModifierFormHandler.itemsAux[6].value.originCatalogue"><input value="supermarket" type="hidden" name="/eci/supermarket/commerce/gifts/WishListsFormHandler.items[6].value.originCatalogue"><input value=" " type="hidden" name="_D:/eci/supermarket/commerce/gifts/WishListsFormHandler.items[6].value.originCatalogue"><input value="MIS_LISTAS" type="hidden" name="/atg/commerce/order/purchase/CartModifierFormHandler.itemsAux[6].value.boughtFrom"><input value=" " type="hidden" name="_D:/atg/commerce/order/purchase/CartModifierFormHandler.itemsAux[6].value.boughtFrom"><input value="MIS_LISTAS" type="hidden" name="/eci/supermarket/commerce/gifts/WishListsFormHandler.items[6].value.boughtFrom"><input value=" " type="hidden" name="_D:/eci/supermarket/commerce/gifts/WishListsFormHandler.items[6].value.boughtFrom"><input value="unit" type="hidden" name="saleType6" id="saleType6"><input value=" " type="hidden" name="_D:saleType6"><input value="unit" type="hidden" name="giftListItemSaleType6" id="giftListItemSaleType6"><input value=" " type="hidden" name="_D:giftListItemSaleType6"> <table>
<tr>
<td rowspan="2" style="border:none">
<div class="caja_cantidad_shopping_cart">
<input value="1" onkeyup="javascript:updateOnlyUnits(event, 6, false, 'Especifique la cantidad de producto');" maxlength="3" type="text" align="absMiddle" style="font-size: 110%; font-family: MS Shell Dlg; text-align: center;" size="3" name="quantity6" id="quantity6"><input value=" " type="hidden" name="_D:quantity6"> </div>
</td>
<input value="0" type="hidden" name="giftListItemQuantity6" id="giftListItemQuantity6"><input value=" " type="hidden" name="_D:giftListItemQuantity6"> <input type="hidden" id='quantity_h6' name='quantity_h6' value='1' />
<td rowspan="2" style="border:none"><img width="4" height="10" src="/hipercor/static/sm2/img/elementos/nada.gif" border="0"></img></td>
<td valign="bottom"><img width="13" height="9" style="cursor: pointer" onclick="incrementOnlyUnits(6, false);" src="/hipercor/static/sm2/img/productos/mas.gif" border="0"></img></td>
<td rowspan="2" style="border:none"><img width="5" height="10" src="/hipercor/static/sm2/img/elementos/nada.gif" border="0"></img></td>
</tr>
<tr>
<td valign="top"><img style="cursor: pointer; float:left;" onclick="decrementOnlyUnits(6, false);" src="/hipercor/static/sm2/img/productos/menos.gif" border="0"></img></td>
</tr>
</table>
<input type="hidden" name="preparationType" id="preparationType" value="" />
</td> 
<td headers="c6 r2">
<div class="product_anadir">
<input type="checkbox" id='0110200440900231____checkbox' name="0110200440900231____checkbox" value="0110200440900231___" checked="checked"/>
</div>
</td>
</tr>
<tr>
<input value="1" type="hidden" name="area7" id="area7"><input value=" " type="hidden" name="_D:area7"><input value="1" type="hidden" name="giftListItemArea7" id="giftListItemArea7"><input value=" " type="hidden" name="_D:giftListItemArea7"><input value="0110201050400199___" type="hidden" name="productId7" id="productId7"><input value=" " type="hidden" name="_D:productId7"><input value="ninguno" type="hidden" name="brokenStockPolicy7" id="brokenStockPolicy7"><input value=" " type="hidden" name="_D:brokenStockPolicy7"><input value="ninguno" type="hidden" name="giftListItemBrokenStockPolicy7" id="giftListItemBrokenStockPolicy7"><input value=" " type="hidden" name="_D:giftListItemBrokenStockPolicy7">
<td class="cart_product" headers="c1 r2">
<div class="cart_product_img">
<a href="#" title="" onclick="openOnlyUnitsPopup('gi19680696', 7, '0110201050400199___','MIS_LISTAS'); return false;">
<img src="http://sgfm.elcorteingles.es/SGFM/00/19/9/0201050400199/0201050400199000x01011.jpg" alt=""></img> </a>
</div>
<div class="cart_product_txt">
<h3>
<a href="#" title="" id="item7" onclick="openOnlyUnitsPopup('gi19680696', 7, '0110201050400199___','MIS_LISTAS'); return false;">
<span>CASA TARRADELLAS pizza de atún y bacon envase 405 g</span>
</a>
</h3>
<p class="clear txt_descuento">
</p>
</div>
</td> 
<td headers="c2 r2">
<img width="21" height="21" title="¡Hemos bajado los precios!" class="simbolo_1" src="http://sgfm.elcorteingles.es/SGFM/supermarket/tematicos/es/011_bajamos_precios.gif" border="0" alt="¡Hemos bajado los precios!"></img>&nbsp;
<img width="21" height="21" title="Producto refrigerado" class="simbolo_2" src="http://sgfm.elcorteingles.es/SGFM/supermarket/tematicos/es/011_refrigerado.gif" border="0" alt="Producto refrigerado"></img>&nbsp;
</td> 
<td headers="c3 r2">
<div class="antes" style="margin-left: 0.8em;height:1.3em; text-decoration: line-through;"></div>
<div class="compra_product">
<div class="precio_product" style="width:">
<p class="ahora"><span>
2,64 &euro;</span></p>
<div class="precio_kg clear"> (6,52 &euro; / Kilo)</div>
</div>
</td>
<td headers="c4 r2">
<input value="0110201050400199___" type="hidden" name="catalogRefId7" id="catalogRefId7"><input value=" " type="hidden" name="_D:catalogRefId7"><input value="0110201050400199___" type="hidden" name="giftListItemCatalogRefId7" id="giftListItemCatalogRefId7"><input value=" " type="hidden" name="_D:giftListItemCatalogRefId7"><input value="0110201050400199___" type="hidden" name="productId7" id="productId7"><input value=" " type="hidden" name="_D:productId7"><input value="0110201050400199___" type="hidden" name="giftListItemProductId7" id="giftListItemProductId7"><input value=" " type="hidden" name="_D:giftListItemProductId7"><input value="supermarket" type="hidden" name="/atg/commerce/order/purchase/CartModifierFormHandler.itemsAux[7].value.originCatalogue"><input value=" " type="hidden" name="_D:/atg/commerce/order/purchase/CartModifierFormHandler.itemsAux[7].value.originCatalogue"><input value="supermarket" type="hidden" name="/eci/supermarket/commerce/gifts/WishListsFormHandler.items[7].value.originCatalogue"><input value=" " type="hidden" name="_D:/eci/supermarket/commerce/gifts/WishListsFormHandler.items[7].value.originCatalogue"><input value="MIS_LISTAS" type="hidden" name="/atg/commerce/order/purchase/CartModifierFormHandler.itemsAux[7].value.boughtFrom"><input value=" " type="hidden" name="_D:/atg/commerce/order/purchase/CartModifierFormHandler.itemsAux[7].value.boughtFrom"><input value="MIS_LISTAS" type="hidden" name="/eci/supermarket/commerce/gifts/WishListsFormHandler.items[7].value.boughtFrom"><input value=" " type="hidden" name="_D:/eci/supermarket/commerce/gifts/WishListsFormHandler.items[7].value.boughtFrom"><input value="unit" type="hidden" name="saleType7" id="saleType7"><input value=" " type="hidden" name="_D:saleType7"><input value="unit" type="hidden" name="giftListItemSaleType7" id="giftListItemSaleType7"><input value=" " type="hidden" name="_D:giftListItemSaleType7"> <table>
<tr>
<td rowspan="2" style="border:none">
<div class="caja_cantidad_shopping_cart">
<input value="1" onkeyup="javascript:updateOnlyUnits(event, 7, false, 'Especifique la cantidad de producto');" maxlength="3" type="text" align="absMiddle" style="font-size: 110%; font-family: MS Shell Dlg; text-align: center;" size="3" name="quantity7" id="quantity7"><input value=" " type="hidden" name="_D:quantity7"> </div>
</td>
<input value="0" type="hidden" name="giftListItemQuantity7" id="giftListItemQuantity7"><input value=" " type="hidden" name="_D:giftListItemQuantity7"> <input type="hidden" id='quantity_h7' name='quantity_h7' value='1' />
<td rowspan="2" style="border:none"><img width="4" height="10" src="/hipercor/static/sm2/img/elementos/nada.gif" border="0"></img></td>
<td valign="bottom"><img width="13" height="9" style="cursor: pointer" onclick="incrementOnlyUnits(7, false);" src="/hipercor/static/sm2/img/productos/mas.gif" border="0"></img></td>
<td rowspan="2" style="border:none"><img width="5" height="10" src="/hipercor/static/sm2/img/elementos/nada.gif" border="0"></img></td>
</tr>
<tr>
<td valign="top"><img style="cursor: pointer; float:left;" onclick="decrementOnlyUnits(7, false);" src="/hipercor/static/sm2/img/productos/menos.gif" border="0"></img></td>
</tr>
</table>
<input type="hidden" name="preparationType" id="preparationType" value="" />
</td> 
<td headers="c6 r2">
<div class="product_anadir">
<input type="checkbox" id='0110201050400199____checkbox' name="0110201050400199____checkbox" value="0110201050400199___" checked="checked"/>
</div>
</td>
</tr>
<tr>
<input value="1" type="hidden" name="area8" id="area8"><input value=" " type="hidden" name="_D:area8"><input value="1" type="hidden" name="giftListItemArea8" id="giftListItemArea8"><input value=" " type="hidden" name="_D:giftListItemArea8"><input value="0110200246400147___" type="hidden" name="productId8" id="productId8"><input value=" " type="hidden" name="_D:productId8"><input value="ninguno" type="hidden" name="brokenStockPolicy8" id="brokenStockPolicy8"><input value=" " type="hidden" name="_D:brokenStockPolicy8"><input value="ninguno" type="hidden" name="giftListItemBrokenStockPolicy8" id="giftListItemBrokenStockPolicy8"><input value=" " type="hidden" name="_D:giftListItemBrokenStockPolicy8">
<td class="cart_product" headers="c1 r2">
<div class="cart_product_img">
<a href="#" title="" onclick="openOnlyUnitsPopup('gi19680700', 8, '0110200246400147___','MIS_LISTAS'); return false;">
<img src="http://sgfm.elcorteingles.es/SGFM/00/14/7/0200246400147/0200246400147000x01011.jpg" alt=""></img> </a>
</div>
<div class="cart_product_txt">
<h3>
<a href="#" title="" id="item8" onclick="openOnlyUnitsPopup('gi19680700', 8, '0110200246400147___','MIS_LISTAS'); return false;">
<span>COLA CAO 0% con fibra bote 300 g</span>
</a>
</h3>
<p class="clear txt_descuento">
</p>
</div>
</td> 
<td headers="c2 r2">
<img width="21" height="21" title="¡Hemos bajado los precios!" class="simbolo_1" src="http://sgfm.elcorteingles.es/SGFM/supermarket/tematicos/es/011_bajamos_precios.gif" border="0" alt="¡Hemos bajado los precios!"></img>&nbsp;
</td> 
<td headers="c3 r2">
<div class="antes" style="margin-left: 0.8em;height:1.3em; text-decoration: line-through;"></div>
<div class="compra_product">
<div class="precio_product" style="width:">
<p class="ahora"><span>
3,85 &euro;</span></p>
<div class="precio_kg clear"> (12,83 &euro; / Kilo)</div>
</div>
</td>
<td headers="c4 r2">
<input value="0110200246400147___" type="hidden" name="catalogRefId8" id="catalogRefId8"><input value=" " type="hidden" name="_D:catalogRefId8"><input value="0110200246400147___" type="hidden" name="giftListItemCatalogRefId8" id="giftListItemCatalogRefId8"><input value=" " type="hidden" name="_D:giftListItemCatalogRefId8"><input value="0110200246400147___" type="hidden" name="productId8" id="productId8"><input value=" " type="hidden" name="_D:productId8"><input value="0110200246400147___" type="hidden" name="giftListItemProductId8" id="giftListItemProductId8"><input value=" " type="hidden" name="_D:giftListItemProductId8"><input value="supermarket" type="hidden" name="/atg/commerce/order/purchase/CartModifierFormHandler.itemsAux[8].value.originCatalogue"><input value=" " type="hidden" name="_D:/atg/commerce/order/purchase/CartModifierFormHandler.itemsAux[8].value.originCatalogue"><input value="supermarket" type="hidden" name="/eci/supermarket/commerce/gifts/WishListsFormHandler.items[8].value.originCatalogue"><input value=" " type="hidden" name="_D:/eci/supermarket/commerce/gifts/WishListsFormHandler.items[8].value.originCatalogue"><input value="MIS_LISTAS" type="hidden" name="/atg/commerce/order/purchase/CartModifierFormHandler.itemsAux[8].value.boughtFrom"><input value=" " type="hidden" name="_D:/atg/commerce/order/purchase/CartModifierFormHandler.itemsAux[8].value.boughtFrom"><input value="MIS_LISTAS" type="hidden" name="/eci/supermarket/commerce/gifts/WishListsFormHandler.items[8].value.boughtFrom"><input value=" " type="hidden" name="_D:/eci/supermarket/commerce/gifts/WishListsFormHandler.items[8].value.boughtFrom"><input value="unit" type="hidden" name="saleType8" id="saleType8"><input value=" " type="hidden" name="_D:saleType8"><input value="unit" type="hidden" name="giftListItemSaleType8" id="giftListItemSaleType8"><input value=" " type="hidden" name="_D:giftListItemSaleType8"> <table>
<tr>
<td rowspan="2" style="border:none">
<div class="caja_cantidad_shopping_cart">
<input value="1" onkeyup="javascript:updateOnlyUnits(event, 8, false, 'Especifique la cantidad de producto');" maxlength="3" type="text" align="absMiddle" style="font-size: 110%; font-family: MS Shell Dlg; text-align: center;" size="3" name="quantity8" id="quantity8"><input value=" " type="hidden" name="_D:quantity8"> </div>
</td>
<input value="0" type="hidden" name="giftListItemQuantity8" id="giftListItemQuantity8"><input value=" " type="hidden" name="_D:giftListItemQuantity8"> <input type="hidden" id='quantity_h8' name='quantity_h8' value='1' />
<td rowspan="2" style="border:none"><img width="4" height="10" src="/hipercor/static/sm2/img/elementos/nada.gif" border="0"></img></td>
<td valign="bottom"><img width="13" height="9" style="cursor: pointer" onclick="incrementOnlyUnits(8, false);" src="/hipercor/static/sm2/img/productos/mas.gif" border="0"></img></td>
<td rowspan="2" style="border:none"><img width="5" height="10" src="/hipercor/static/sm2/img/elementos/nada.gif" border="0"></img></td>
</tr>
<tr>
<td valign="top"><img style="cursor: pointer; float:left;" onclick="decrementOnlyUnits(8, false);" src="/hipercor/static/sm2/img/productos/menos.gif" border="0"></img></td>
</tr>
</table>
<input type="hidden" name="preparationType" id="preparationType" value="" />
</td> 
<td headers="c6 r2">
<div class="product_anadir">
<input type="checkbox" id='0110200246400147____checkbox' name="0110200246400147____checkbox" value="0110200246400147___" checked="checked"/>
</div>
</td>
</tr>
<tr>
<input value="1" type="hidden" name="area9" id="area9"><input value=" " type="hidden" name="_D:area9"><input value="1" type="hidden" name="giftListItemArea9" id="giftListItemArea9"><input value=" " type="hidden" name="_D:giftListItemArea9"><input value="0110200477800569___" type="hidden" name="productId9" id="productId9"><input value=" " type="hidden" name="_D:productId9"><input value="ninguno" type="hidden" name="brokenStockPolicy9" id="brokenStockPolicy9"><input value=" " type="hidden" name="_D:brokenStockPolicy9"><input value="ninguno" type="hidden" name="giftListItemBrokenStockPolicy9" id="giftListItemBrokenStockPolicy9"><input value=" " type="hidden" name="_D:giftListItemBrokenStockPolicy9">
<td class="cart_product" headers="c1 r2">
<div class="cart_product_img">
<a href="#" title="" onclick="openOnlyUnitsPopup('gi19680747', 9, '0110200477800569___','MIS_LISTAS'); return false;">
<img src="http://sgfm.elcorteingles.es/SGFM/00/56/9/0200477800569/0200477800569000x01011.jpg" alt=""></img> </a>
</div>
<div class="cart_product_txt">
<h3>
<a href="#" title="" id="item9" onclick="openOnlyUnitsPopup('gi19680747', 9, '0110200477800569___','MIS_LISTAS'); return false;">
<span>GREFUSA MISTER CORN India cócteles de frutos secos sabor a curry indio bolsa 140 g</span>
</a>
</h3>
<p class="clear txt_descuento">
</p>
</div>
</td> 
<td headers="c2 r2">
<img width="21" height="21" title="¡Hemos bajado los precios!" class="simbolo_1" src="http://sgfm.elcorteingles.es/SGFM/supermarket/tematicos/es/011_bajamos_precios.gif" border="0" alt="¡Hemos bajado los precios!"></img>&nbsp;
</td> 
<td headers="c3 r2">
<div class="antes" style="margin-left: 0.8em;height:1.3em; text-decoration: line-through;"></div>
<div class="compra_product">
<div class="precio_product" style="width:">
<p class="ahora"><span>
1,68 &euro;</span></p>
<div class="precio_kg clear"> (12 &euro; / Kilo)</div>
</div>
</td>
<td headers="c4 r2">
<input value="0110200477800569___" type="hidden" name="catalogRefId9" id="catalogRefId9"><input value=" " type="hidden" name="_D:catalogRefId9"><input value="0110200477800569___" type="hidden" name="giftListItemCatalogRefId9" id="giftListItemCatalogRefId9"><input value=" " type="hidden" name="_D:giftListItemCatalogRefId9"><input value="0110200477800569___" type="hidden" name="productId9" id="productId9"><input value=" " type="hidden" name="_D:productId9"><input value="0110200477800569___" type="hidden" name="giftListItemProductId9" id="giftListItemProductId9"><input value=" " type="hidden" name="_D:giftListItemProductId9"><input value="" type="hidden" name="/atg/commerce/order/purchase/CartModifierFormHandler.itemsAux[9].value.originCatalogue"><input value=" " type="hidden" name="_D:/atg/commerce/order/purchase/CartModifierFormHandler.itemsAux[9].value.originCatalogue"><input value="" type="hidden" name="/eci/supermarket/commerce/gifts/WishListsFormHandler.items[9].value.originCatalogue"><input value=" " type="hidden" name="_D:/eci/supermarket/commerce/gifts/WishListsFormHandler.items[9].value.originCatalogue"><input value="MIS_LISTAS" type="hidden" name="/atg/commerce/order/purchase/CartModifierFormHandler.itemsAux[9].value.boughtFrom"><input value=" " type="hidden" name="_D:/atg/commerce/order/purchase/CartModifierFormHandler.itemsAux[9].value.boughtFrom"><input value="MIS_LISTAS" type="hidden" name="/eci/supermarket/commerce/gifts/WishListsFormHandler.items[9].value.boughtFrom"><input value=" " type="hidden" name="_D:/eci/supermarket/commerce/gifts/WishListsFormHandler.items[9].value.boughtFrom"><input value="unit" type="hidden" name="saleType9" id="saleType9"><input value=" " type="hidden" name="_D:saleType9"><input value="unit" type="hidden" name="giftListItemSaleType9" id="giftListItemSaleType9"><input value=" " type="hidden" name="_D:giftListItemSaleType9"> <table>
<tr>
<td rowspan="2" style="border:none">
<div class="caja_cantidad_shopping_cart">
<input value="1" onkeyup="javascript:updateOnlyUnits(event, 9, false, 'Especifique la cantidad de producto');" maxlength="3" type="text" align="absMiddle" style="font-size: 110%; font-family: MS Shell Dlg; text-align: center;" size="3" name="quantity9" id="quantity9"><input value=" " type="hidden" name="_D:quantity9"> </div>
</td>
<input value="0" type="hidden" name="giftListItemQuantity9" id="giftListItemQuantity9"><input value=" " type="hidden" name="_D:giftListItemQuantity9"> <input type="hidden" id='quantity_h9' name='quantity_h9' value='1' />
<td rowspan="2" style="border:none"><img width="4" height="10" src="/hipercor/static/sm2/img/elementos/nada.gif" border="0"></img></td>
<td valign="bottom"><img width="13" height="9" style="cursor: pointer" onclick="incrementOnlyUnits(9, false);" src="/hipercor/static/sm2/img/productos/mas.gif" border="0"></img></td>
<td rowspan="2" style="border:none"><img width="5" height="10" src="/hipercor/static/sm2/img/elementos/nada.gif" border="0"></img></td>
</tr>
<tr>
<td valign="top"><img style="cursor: pointer; float:left;" onclick="decrementOnlyUnits(9, false);" src="/hipercor/static/sm2/img/productos/menos.gif" border="0"></img></td>
</tr>
</table>
<input type="hidden" name="preparationType" id="preparationType" value="" />
</td> 
<td headers="c6 r2">
<div class="product_anadir">
<input type="checkbox" id='0110200477800569____checkbox' name="0110200477800569____checkbox" value="0110200477800569___" checked="checked"/>
</div>
</td>
</tr>
<tr>
<input value="1" type="hidden" name="area10" id="area10"><input value=" " type="hidden" name="_D:area10"><input value="1" type="hidden" name="giftListItemArea10" id="giftListItemArea10"><input value=" " type="hidden" name="_D:giftListItemArea10"><input value="0110201040100677___" type="hidden" name="productId10" id="productId10"><input value=" " type="hidden" name="_D:productId10"><input value="ninguno" type="hidden" name="brokenStockPolicy10" id="brokenStockPolicy10"><input value=" " type="hidden" name="_D:brokenStockPolicy10"><input value="ninguno" type="hidden" name="giftListItemBrokenStockPolicy10" id="giftListItemBrokenStockPolicy10"><input value=" " type="hidden" name="_D:giftListItemBrokenStockPolicy10">
<td class="cart_product" headers="c1 r2">
<div class="cart_product_img">
<a href="#" title="" onclick="openOnlyUnitsPopup('gi19680748', 10, '0110201040100677___','MIS_LISTAS'); return false;">
<img src="http://sgfm.elcorteingles.es/SGFM/00/67/7/0201040100677/0201040100677000x01011.jpg" alt=""></img> </a>
</div>
<div class="cart_product_txt">
<h3>
<a href="#" title="" id="item10" onclick="openOnlyUnitsPopup('gi19680748', 10, '0110201040100677___','MIS_LISTAS'); return false;">
<span>HIPERCOR huevos de gallinas camperas estuche 6 unidades</span>
</a>
</h3>
<p class="clear txt_descuento">
</p>
</div>
</td> 
<td headers="c2 r2">
&nbsp;
</td> 
<td headers="c3 r2">
<div class="antes" style="margin-left: 0.8em;height:1.3em; text-decoration: line-through;"></div>
<div class="compra_product">
<div class="precio_product" style="width:">
<p class="ahora"><span>
1,52 &euro;</span></p>
<div class="precio_kg clear"> (3,04 &euro; / Docena)</div>
</div>
</td>
<td headers="c4 r2">
<input value="0110201040100677___" type="hidden" name="catalogRefId10" id="catalogRefId10"><input value=" " type="hidden" name="_D:catalogRefId10"><input value="0110201040100677___" type="hidden" name="giftListItemCatalogRefId10" id="giftListItemCatalogRefId10"><input value=" " type="hidden" name="_D:giftListItemCatalogRefId10"><input value="0110201040100677___" type="hidden" name="productId10" id="productId10"><input value=" " type="hidden" name="_D:productId10"><input value="0110201040100677___" type="hidden" name="giftListItemProductId10" id="giftListItemProductId10"><input value=" " type="hidden" name="_D:giftListItemProductId10"><input value="supermarket" type="hidden" name="/atg/commerce/order/purchase/CartModifierFormHandler.itemsAux[10].value.originCatalogue"><input value=" " type="hidden" name="_D:/atg/commerce/order/purchase/CartModifierFormHandler.itemsAux[10].value.originCatalogue"><input value="supermarket" type="hidden" name="/eci/supermarket/commerce/gifts/WishListsFormHandler.items[10].value.originCatalogue"><input value=" " type="hidden" name="_D:/eci/supermarket/commerce/gifts/WishListsFormHandler.items[10].value.originCatalogue"><input value="MIS_LISTAS" type="hidden" name="/atg/commerce/order/purchase/CartModifierFormHandler.itemsAux[10].value.boughtFrom"><input value=" " type="hidden" name="_D:/atg/commerce/order/purchase/CartModifierFormHandler.itemsAux[10].value.boughtFrom"><input value="MIS_LISTAS" type="hidden" name="/eci/supermarket/commerce/gifts/WishListsFormHandler.items[10].value.boughtFrom"><input value=" " type="hidden" name="_D:/eci/supermarket/commerce/gifts/WishListsFormHandler.items[10].value.boughtFrom"><input value="unit" type="hidden" name="saleType10" id="saleType10"><input value=" " type="hidden" name="_D:saleType10"><input value="unit" type="hidden" name="giftListItemSaleType10" id="giftListItemSaleType10"><input value=" " type="hidden" name="_D:giftListItemSaleType10"> <table>
<tr>
<td rowspan="2" style="border:none">
<div class="caja_cantidad_shopping_cart">
<input value="1" onkeyup="javascript:updateOnlyUnits(event, 10, false, 'Especifique la cantidad de producto');" maxlength="3" type="text" align="absMiddle" style="font-size: 110%; font-family: MS Shell Dlg; text-align: center;" size="3" name="quantity10" id="quantity10"><input value=" " type="hidden" name="_D:quantity10"> </div>
</td>
<input value="0" type="hidden" name="giftListItemQuantity10" id="giftListItemQuantity10"><input value=" " type="hidden" name="_D:giftListItemQuantity10"> <input type="hidden" id='quantity_h10' name='quantity_h10' value='1' />
<td rowspan="2" style="border:none"><img width="4" height="10" src="/hipercor/static/sm2/img/elementos/nada.gif" border="0"></img></td>
<td valign="bottom"><img width="13" height="9" style="cursor: pointer" onclick="incrementOnlyUnits(10, false);" src="/hipercor/static/sm2/img/productos/mas.gif" border="0"></img></td>
<td rowspan="2" style="border:none"><img width="5" height="10" src="/hipercor/static/sm2/img/elementos/nada.gif" border="0"></img></td>
</tr>
<tr>
<td valign="top"><img style="cursor: pointer; float:left;" onclick="decrementOnlyUnits(10, false);" src="/hipercor/static/sm2/img/productos/menos.gif" border="0"></img></td>
</tr>
</table>
<input type="hidden" name="preparationType" id="preparationType" value="" />
</td> 
<td headers="c6 r2">
<div class="product_anadir">
<input type="checkbox" id='0110201040100677____checkbox' name="0110201040100677____checkbox" value="0110201040100677___" checked="checked"/>
</div>
</td>
</tr>
<tr>
<input value="1" type="hidden" name="area11" id="area11"><input value=" " type="hidden" name="_D:area11"><input value="1" type="hidden" name="giftListItemArea11" id="giftListItemArea11"><input value=" " type="hidden" name="_D:giftListItemArea11"><input value="0110200205401292___" type="hidden" name="productId11" id="productId11"><input value=" " type="hidden" name="_D:productId11"><input value="ninguno" type="hidden" name="brokenStockPolicy11" id="brokenStockPolicy11"><input value=" " type="hidden" name="_D:brokenStockPolicy11"><input value="ninguno" type="hidden" name="giftListItemBrokenStockPolicy11" id="giftListItemBrokenStockPolicy11"><input value=" " type="hidden" name="_D:giftListItemBrokenStockPolicy11">
<td class="cart_product" headers="c1 r2">
<div class="cart_product_img">
<a href="#" title="" onclick="openOnlyUnitsPopup('gi19680751', 11, '0110200205401292___','MIS_LISTAS'); return false;">
<img src="http://sgfm.elcorteingles.es/SGFM/01/29/2/0200205401292/0200205401292000x01011.jpg" alt=""></img> </a>
</div>
<div class="cart_product_txt">
<h3>
<a href="#" title="" id="item11" onclick="openOnlyUnitsPopup('gi19680751', 11, '0110200205401292___','MIS_LISTAS'); return false;">
<span>LA VIEJA FABRICA mermelada de fresa sin azúcar frasco 340 g</span>
</a>
</h3>
<p class="clear txt_descuento">
</p>
</div>
</td> 
<td headers="c2 r2">
<img width="21" height="21" title="¡Hemos bajado los precios!" class="simbolo_1" src="http://sgfm.elcorteingles.es/SGFM/supermarket/tematicos/es/011_bajamos_precios.gif" border="0" alt="¡Hemos bajado los precios!"></img>&nbsp;
</td> 
<td headers="c3 r2">
<div class="antes" style="margin-left: 0.8em;height:1.3em; text-decoration: line-through;"></div>
<div class="compra_product">
<div class="precio_product" style="width:">
<p class="ahora"><span>
2,09 &euro;</span></p>
<div class="precio_kg clear"> (6,15 &euro; / Kilo)</div>
</div>
</td>
<td headers="c4 r2">
<input value="0110200205401292___" type="hidden" name="catalogRefId11" id="catalogRefId11"><input value=" " type="hidden" name="_D:catalogRefId11"><input value="0110200205401292___" type="hidden" name="giftListItemCatalogRefId11" id="giftListItemCatalogRefId11"><input value=" " type="hidden" name="_D:giftListItemCatalogRefId11"><input value="0110200205401292___" type="hidden" name="productId11" id="productId11"><input value=" " type="hidden" name="_D:productId11"><input value="0110200205401292___" type="hidden" name="giftListItemProductId11" id="giftListItemProductId11"><input value=" " type="hidden" name="_D:giftListItemProductId11"><input value="supermarket" type="hidden" name="/atg/commerce/order/purchase/CartModifierFormHandler.itemsAux[11].value.originCatalogue"><input value=" " type="hidden" name="_D:/atg/commerce/order/purchase/CartModifierFormHandler.itemsAux[11].value.originCatalogue"><input value="supermarket" type="hidden" name="/eci/supermarket/commerce/gifts/WishListsFormHandler.items[11].value.originCatalogue"><input value=" " type="hidden" name="_D:/eci/supermarket/commerce/gifts/WishListsFormHandler.items[11].value.originCatalogue"><input value="MIS_LISTAS" type="hidden" name="/atg/commerce/order/purchase/CartModifierFormHandler.itemsAux[11].value.boughtFrom"><input value=" " type="hidden" name="_D:/atg/commerce/order/purchase/CartModifierFormHandler.itemsAux[11].value.boughtFrom"><input value="MIS_LISTAS" type="hidden" name="/eci/supermarket/commerce/gifts/WishListsFormHandler.items[11].value.boughtFrom"><input value=" " type="hidden" name="_D:/eci/supermarket/commerce/gifts/WishListsFormHandler.items[11].value.boughtFrom"><input value="unit" type="hidden" name="saleType11" id="saleType11"><input value=" " type="hidden" name="_D:saleType11"><input value="unit" type="hidden" name="giftListItemSaleType11" id="giftListItemSaleType11"><input value=" " type="hidden" name="_D:giftListItemSaleType11"> <table>
<tr>
<td rowspan="2" style="border:none">
<div class="caja_cantidad_shopping_cart">
<input value="1" onkeyup="javascript:updateOnlyUnits(event, 11, false, 'Especifique la cantidad de producto');" maxlength="3" type="text" align="absMiddle" style="font-size: 110%; font-family: MS Shell Dlg; text-align: center;" size="3" name="quantity11" id="quantity11"><input value=" " type="hidden" name="_D:quantity11"> </div>
</td>
<input value="0" type="hidden" name="giftListItemQuantity11" id="giftListItemQuantity11"><input value=" " type="hidden" name="_D:giftListItemQuantity11"> <input type="hidden" id='quantity_h11' name='quantity_h11' value='1' />
<td rowspan="2" style="border:none"><img width="4" height="10" src="/hipercor/static/sm2/img/elementos/nada.gif" border="0"></img></td>
<td valign="bottom"><img width="13" height="9" style="cursor: pointer" onclick="incrementOnlyUnits(11, false);" src="/hipercor/static/sm2/img/productos/mas.gif" border="0"></img></td>
<td rowspan="2" style="border:none"><img width="5" height="10" src="/hipercor/static/sm2/img/elementos/nada.gif" border="0"></img></td>
</tr>
<tr>
<td valign="top"><img style="cursor: pointer; float:left;" onclick="decrementOnlyUnits(11, false);" src="/hipercor/static/sm2/img/productos/menos.gif" border="0"></img></td>
</tr>
</table>
<input type="hidden" name="preparationType" id="preparationType" value="" />
</td> 
<td headers="c6 r2">
<div class="product_anadir">
<input type="checkbox" id='0110200205401292____checkbox' name="0110200205401292____checkbox" value="0110200205401292___" checked="checked"/>
</div>
</td>
</tr>
<tr>
<input value="1" type="hidden" name="area12" id="area12"><input value=" " type="hidden" name="_D:area12"><input value="1" type="hidden" name="giftListItemArea12" id="giftListItemArea12"><input value=" " type="hidden" name="_D:giftListItemArea12"><input value="0110200205402209___" type="hidden" name="productId12" id="productId12"><input value=" " type="hidden" name="_D:productId12"><input value="ninguno" type="hidden" name="brokenStockPolicy12" id="brokenStockPolicy12"><input value=" " type="hidden" name="_D:brokenStockPolicy12"><input value="ninguno" type="hidden" name="giftListItemBrokenStockPolicy12" id="giftListItemBrokenStockPolicy12"><input value=" " type="hidden" name="_D:giftListItemBrokenStockPolicy12">
<td class="cart_product" headers="c1 r2">
<div class="cart_product_img">
<a href="#" title="" onclick="openOnlyUnitsPopup('gi19680752', 12, '0110200205402209___','MIS_LISTAS'); return false;">
<img src="http://sgfm.elcorteingles.es/SGFM/02/20/9/0200205402209/0200205402209000x01011.jpg" alt=""></img> </a>
</div>
<div class="cart_product_txt">
<h3>
<a href="#" title="" id="item12" onclick="openOnlyUnitsPopup('gi19680752', 12, '0110200205402209___','MIS_LISTAS'); return false;">
<span>ALIADA mermelada extra de fresa sin azúcares añadidos frasco 280 g</span>
</a>
</h3>
<p class="clear txt_descuento">
</p>
</div>
</td> 
<td headers="c2 r2">
&nbsp;
</td> 
<td headers="c3 r2">
<div class="antes" style="margin-left: 0.8em;height:1.3em; text-decoration: line-through;"></div>
<div class="compra_product">
<div class="precio_product" style="width:">
<p class="ahora"><span>
0,99 &euro;</span></p>
<div class="precio_kg clear"> (3,54 &euro; / Kilo)</div>
</div>
</td>
<td headers="c4 r2">
<input value="0110200205402209___" type="hidden" name="catalogRefId12" id="catalogRefId12"><input value=" " type="hidden" name="_D:catalogRefId12"><input value="0110200205402209___" type="hidden" name="giftListItemCatalogRefId12" id="giftListItemCatalogRefId12"><input value=" " type="hidden" name="_D:giftListItemCatalogRefId12"><input value="0110200205402209___" type="hidden" name="productId12" id="productId12"><input value=" " type="hidden" name="_D:productId12"><input value="0110200205402209___" type="hidden" name="giftListItemProductId12" id="giftListItemProductId12"><input value=" " type="hidden" name="_D:giftListItemProductId12"><input value="" type="hidden" name="/atg/commerce/order/purchase/CartModifierFormHandler.itemsAux[12].value.originCatalogue"><input value=" " type="hidden" name="_D:/atg/commerce/order/purchase/CartModifierFormHandler.itemsAux[12].value.originCatalogue"><input value="" type="hidden" name="/eci/supermarket/commerce/gifts/WishListsFormHandler.items[12].value.originCatalogue"><input value=" " type="hidden" name="_D:/eci/supermarket/commerce/gifts/WishListsFormHandler.items[12].value.originCatalogue"><input value="MIS_LISTAS" type="hidden" name="/atg/commerce/order/purchase/CartModifierFormHandler.itemsAux[12].value.boughtFrom"><input value=" " type="hidden" name="_D:/atg/commerce/order/purchase/CartModifierFormHandler.itemsAux[12].value.boughtFrom"><input value="MIS_LISTAS" type="hidden" name="/eci/supermarket/commerce/gifts/WishListsFormHandler.items[12].value.boughtFrom"><input value=" " type="hidden" name="_D:/eci/supermarket/commerce/gifts/WishListsFormHandler.items[12].value.boughtFrom"><input value="unit" type="hidden" name="saleType12" id="saleType12"><input value=" " type="hidden" name="_D:saleType12"><input value="unit" type="hidden" name="giftListItemSaleType12" id="giftListItemSaleType12"><input value=" " type="hidden" name="_D:giftListItemSaleType12"> <table>
<tr>
<td rowspan="2" style="border:none">
<div class="caja_cantidad_shopping_cart">
<input value="1" onkeyup="javascript:updateOnlyUnits(event, 12, false, 'Especifique la cantidad de producto');" maxlength="3" type="text" align="absMiddle" style="font-size: 110%; font-family: MS Shell Dlg; text-align: center;" size="3" name="quantity12" id="quantity12"><input value=" " type="hidden" name="_D:quantity12"> </div>
</td>
<input value="0" type="hidden" name="giftListItemQuantity12" id="giftListItemQuantity12"><input value=" " type="hidden" name="_D:giftListItemQuantity12"> <input type="hidden" id='quantity_h12' name='quantity_h12' value='1' />
<td rowspan="2" style="border:none"><img width="4" height="10" src="/hipercor/static/sm2/img/elementos/nada.gif" border="0"></img></td>
<td valign="bottom"><img width="13" height="9" style="cursor: pointer" onclick="incrementOnlyUnits(12, false);" src="/hipercor/static/sm2/img/productos/mas.gif" border="0"></img></td>
<td rowspan="2" style="border:none"><img width="5" height="10" src="/hipercor/static/sm2/img/elementos/nada.gif" border="0"></img></td>
</tr>
<tr>
<td valign="top"><img style="cursor: pointer; float:left;" onclick="decrementOnlyUnits(12, false);" src="/hipercor/static/sm2/img/productos/menos.gif" border="0"></img></td>
</tr>
</table>
<input type="hidden" name="preparationType" id="preparationType" value="" />
</td> 
<td headers="c6 r2">
<div class="product_anadir">
<input type="checkbox" id='0110200205402209____checkbox' name="0110200205402209____checkbox" value="0110200205402209___" checked="checked"/>
</div>
</td>
</tr>
<tr>
<input value="1" type="hidden" name="area13" id="area13"><input value=" " type="hidden" name="_D:area13"><input value="1" type="hidden" name="giftListItemArea13" id="giftListItemArea13"><input value=" " type="hidden" name="_D:giftListItemArea13"><input value="0110200402100382___" type="hidden" name="productId13" id="productId13"><input value=" " type="hidden" name="_D:productId13"><input value="ninguno" type="hidden" name="brokenStockPolicy13" id="brokenStockPolicy13"><input value=" " type="hidden" name="_D:brokenStockPolicy13"><input value="ninguno" type="hidden" name="giftListItemBrokenStockPolicy13" id="giftListItemBrokenStockPolicy13"><input value=" " type="hidden" name="_D:giftListItemBrokenStockPolicy13">
<td class="cart_product" headers="c1 r2">
<div class="cart_product_img">
<a href="#" title="" onclick="openOnlyUnitsPopup('gi21103618', 13, '0110200402100382___','MIS_LISTAS'); return false;">
<img src="http://sgfm.elcorteingles.es/SGFM/00/38/2/0200402100382/0200402100382000x01011.jpg" alt=""></img> </a>
</div>
<div class="cart_product_txt">
<h3>
<a href="#" title="" id="item13" onclick="openOnlyUnitsPopup('gi21103618', 13, '0110200402100382___','MIS_LISTAS'); return false;">
<span>HIPERCOR vinagre de Jerez Reserva botella 250 ml</span>
</a>
</h3>
<p class="clear txt_descuento">
</p>
</div>
</td> 
<td headers="c2 r2">
&nbsp;
</td> 
<td headers="c3 r2">
<div class="antes" style="margin-left: 0.8em;height:1.3em; text-decoration: line-through;"></div>
<div class="compra_product">
<div class="precio_product" style="width:">
<p class="ahora"><span>
3,95 &euro;</span></p>
<div class="precio_kg clear"> (15,8 &euro; / Litro)</div>
</div>
</td>
<td headers="c4 r2">
<input value="0110200402100382___" type="hidden" name="catalogRefId13" id="catalogRefId13"><input value=" " type="hidden" name="_D:catalogRefId13"><input value="0110200402100382___" type="hidden" name="giftListItemCatalogRefId13" id="giftListItemCatalogRefId13"><input value=" " type="hidden" name="_D:giftListItemCatalogRefId13"><input value="0110200402100382___" type="hidden" name="productId13" id="productId13"><input value=" " type="hidden" name="_D:productId13"><input value="0110200402100382___" type="hidden" name="giftListItemProductId13" id="giftListItemProductId13"><input value=" " type="hidden" name="_D:giftListItemProductId13"><input value="supermarket" type="hidden" name="/atg/commerce/order/purchase/CartModifierFormHandler.itemsAux[13].value.originCatalogue"><input value=" " type="hidden" name="_D:/atg/commerce/order/purchase/CartModifierFormHandler.itemsAux[13].value.originCatalogue"><input value="supermarket" type="hidden" name="/eci/supermarket/commerce/gifts/WishListsFormHandler.items[13].value.originCatalogue"><input value=" " type="hidden" name="_D:/eci/supermarket/commerce/gifts/WishListsFormHandler.items[13].value.originCatalogue"><input value="MIS_LISTAS" type="hidden" name="/atg/commerce/order/purchase/CartModifierFormHandler.itemsAux[13].value.boughtFrom"><input value=" " type="hidden" name="_D:/atg/commerce/order/purchase/CartModifierFormHandler.itemsAux[13].value.boughtFrom"><input value="MIS_LISTAS" type="hidden" name="/eci/supermarket/commerce/gifts/WishListsFormHandler.items[13].value.boughtFrom"><input value=" " type="hidden" name="_D:/eci/supermarket/commerce/gifts/WishListsFormHandler.items[13].value.boughtFrom"><input value="unit" type="hidden" name="saleType13" id="saleType13"><input value=" " type="hidden" name="_D:saleType13"><input value="unit" type="hidden" name="giftListItemSaleType13" id="giftListItemSaleType13"><input value=" " type="hidden" name="_D:giftListItemSaleType13"> <table>
<tr>
<td rowspan="2" style="border:none">
<div class="caja_cantidad_shopping_cart">
<input value="1" onkeyup="javascript:updateOnlyUnits(event, 13, false, 'Especifique la cantidad de producto');" maxlength="3" type="text" align="absMiddle" style="font-size: 110%; font-family: MS Shell Dlg; text-align: center;" size="3" name="quantity13" id="quantity13"><input value=" " type="hidden" name="_D:quantity13"> </div>
</td>
<input value="0" type="hidden" name="giftListItemQuantity13" id="giftListItemQuantity13"><input value=" " type="hidden" name="_D:giftListItemQuantity13"> <input type="hidden" id='quantity_h13' name='quantity_h13' value='1' />
<td rowspan="2" style="border:none"><img width="4" height="10" src="/hipercor/static/sm2/img/elementos/nada.gif" border="0"></img></td>
<td valign="bottom"><img width="13" height="9" style="cursor: pointer" onclick="incrementOnlyUnits(13, false);" src="/hipercor/static/sm2/img/productos/mas.gif" border="0"></img></td>
<td rowspan="2" style="border:none"><img width="5" height="10" src="/hipercor/static/sm2/img/elementos/nada.gif" border="0"></img></td>
</tr>
<tr>
<td valign="top"><img style="cursor: pointer; float:left;" onclick="decrementOnlyUnits(13, false);" src="/hipercor/static/sm2/img/productos/menos.gif" border="0"></img></td>
</tr>
</table>
<input type="hidden" name="preparationType" id="preparationType" value="" />
</td> 
<td headers="c6 r2">
<div class="product_anadir">
<input type="checkbox" id='0110200402100382____checkbox' name="0110200402100382____checkbox" value="0110200402100382___" checked="checked"/>
</div>
</td>
</tr>
<tr class="fila_categoria">
<th class="tit_categoria" id="r2" colspan="5"><h2> Bebidas y zumos</h2></th>
</tr>
<tr>
<input value="1" type="hidden" name="area14" id="area14"><input value=" " type="hidden" name="_D:area14"><input value="1" type="hidden" name="giftListItemArea14" id="giftListItemArea14"><input value=" " type="hidden" name="_D:giftListItemArea14"><input value="0110200530001270___" type="hidden" name="productId14" id="productId14"><input value=" " type="hidden" name="_D:productId14"><input value="ninguno" type="hidden" name="brokenStockPolicy14" id="brokenStockPolicy14"><input value=" " type="hidden" name="_D:brokenStockPolicy14"><input value="ninguno" type="hidden" name="giftListItemBrokenStockPolicy14" id="giftListItemBrokenStockPolicy14"><input value=" " type="hidden" name="_D:giftListItemBrokenStockPolicy14">
<td class="cart_product" headers="c1 r2">
<div class="cart_product_img">
<a href="#" title="" onclick="openOnlyUnitsPopup('gi19680670', 14, '0110200530001270___','MIS_LISTAS'); return false;">
<img src="http://sgfm.elcorteingles.es/SGFM/01/27/0/0200530001270/0200530001270000x01011.jpg" alt=""></img> </a>
</div>
<div class="cart_product_txt">
<h3>
<a href="#" title="" id="item14" onclick="openOnlyUnitsPopup('gi19680670', 14, '0110200530001270___','MIS_LISTAS'); return false;">
<span>HIPERCOR agua mineral natural botella 33 cl</span>
</a>
</h3>
<p class="clear txt_descuento">
</p>
</div>
</td> 
<td headers="c2 r2">
&nbsp;
</td> 
<td headers="c3 r2">
<div class="antes" style="margin-left: 0.8em;height:1.3em; text-decoration: line-through;"></div>
<div class="compra_product">
<div class="precio_product" style="width:">
<p class="ahora"><span>
0,27 &euro;</span></p>
<div class="precio_kg clear"> (0,82 &euro; / Litro)</div>
</div>
</td>
<td headers="c4 r2">
<input value="0110200530001270___" type="hidden" name="catalogRefId14" id="catalogRefId14"><input value=" " type="hidden" name="_D:catalogRefId14"><input value="0110200530001270___" type="hidden" name="giftListItemCatalogRefId14" id="giftListItemCatalogRefId14"><input value=" " type="hidden" name="_D:giftListItemCatalogRefId14"><input value="0110200530001270___" type="hidden" name="productId14" id="productId14"><input value=" " type="hidden" name="_D:productId14"><input value="0110200530001270___" type="hidden" name="giftListItemProductId14" id="giftListItemProductId14"><input value=" " type="hidden" name="_D:giftListItemProductId14"><input value="supermarket" type="hidden" name="/atg/commerce/order/purchase/CartModifierFormHandler.itemsAux[14].value.originCatalogue"><input value=" " type="hidden" name="_D:/atg/commerce/order/purchase/CartModifierFormHandler.itemsAux[14].value.originCatalogue"><input value="supermarket" type="hidden" name="/eci/supermarket/commerce/gifts/WishListsFormHandler.items[14].value.originCatalogue"><input value=" " type="hidden" name="_D:/eci/supermarket/commerce/gifts/WishListsFormHandler.items[14].value.originCatalogue"><input value="MIS_LISTAS" type="hidden" name="/atg/commerce/order/purchase/CartModifierFormHandler.itemsAux[14].value.boughtFrom"><input value=" " type="hidden" name="_D:/atg/commerce/order/purchase/CartModifierFormHandler.itemsAux[14].value.boughtFrom"><input value="MIS_LISTAS" type="hidden" name="/eci/supermarket/commerce/gifts/WishListsFormHandler.items[14].value.boughtFrom"><input value=" " type="hidden" name="_D:/eci/supermarket/commerce/gifts/WishListsFormHandler.items[14].value.boughtFrom"><input value="unit" type="hidden" name="saleType14" id="saleType14"><input value=" " type="hidden" name="_D:saleType14"><input value="unit" type="hidden" name="giftListItemSaleType14" id="giftListItemSaleType14"><input value=" " type="hidden" name="_D:giftListItemSaleType14"> <table>
<tr>
<td rowspan="2" style="border:none">
<div class="caja_cantidad_shopping_cart">
<input value="1" onkeyup="javascript:updateOnlyUnits(event, 14, false, 'Especifique la cantidad de producto');" maxlength="3" type="text" align="absMiddle" style="font-size: 110%; font-family: MS Shell Dlg; text-align: center;" size="3" name="quantity14" id="quantity14"><input value=" " type="hidden" name="_D:quantity14"> </div>
</td>
<input value="0" type="hidden" name="giftListItemQuantity14" id="giftListItemQuantity14"><input value=" " type="hidden" name="_D:giftListItemQuantity14"> <input type="hidden" id='quantity_h14' name='quantity_h14' value='1' />
<td rowspan="2" style="border:none"><img width="4" height="10" src="/hipercor/static/sm2/img/elementos/nada.gif" border="0"></img></td>
<td valign="bottom"><img width="13" height="9" style="cursor: pointer" onclick="incrementOnlyUnits(14, false);" src="/hipercor/static/sm2/img/productos/mas.gif" border="0"></img></td>
<td rowspan="2" style="border:none"><img width="5" height="10" src="/hipercor/static/sm2/img/elementos/nada.gif" border="0"></img></td>
</tr>
<tr>
<td valign="top"><img style="cursor: pointer; float:left;" onclick="decrementOnlyUnits(14, false);" src="/hipercor/static/sm2/img/productos/menos.gif" border="0"></img></td>
</tr>
</table>
<input type="hidden" name="preparationType" id="preparationType" value="" />
</td> 
<td headers="c6 r2">
<div class="product_anadir">
<input type="checkbox" id='0110200530001270____checkbox' name="0110200530001270____checkbox" value="0110200530001270___" checked="checked"/>
</div>
</td>
</tr>
<tr>
<input value="1" type="hidden" name="area15" id="area15"><input value=" " type="hidden" name="_D:area15"><input value="1" type="hidden" name="giftListItemArea15" id="giftListItemArea15"><input value=" " type="hidden" name="_D:giftListItemArea15"><input value="0110200530001007___" type="hidden" name="productId15" id="productId15"><input value=" " type="hidden" name="_D:productId15"><input value="ninguno" type="hidden" name="brokenStockPolicy15" id="brokenStockPolicy15"><input value=" " type="hidden" name="_D:brokenStockPolicy15"><input value="ninguno" type="hidden" name="giftListItemBrokenStockPolicy15" id="giftListItemBrokenStockPolicy15"><input value=" " type="hidden" name="_D:giftListItemBrokenStockPolicy15">
<td class="cart_product" headers="c1 r2">
<div class="cart_product_img">
<a href="#" title="" onclick="openOnlyUnitsPopup('gi19680671', 15, '0110200530001007___','MIS_LISTAS'); return false;">
<img src="http://sgfm.elcorteingles.es/SGFM/01/00/7/0200530001007/0200530001007000x01011.jpg" alt=""></img> </a>
</div>
<div class="cart_product_txt">
<h3>
<a href="#" title="" id="item15" onclick="openOnlyUnitsPopup('gi19680671', 15, '0110200530001007___','MIS_LISTAS'); return false;">
<span>HIPERCOR agua mineral natural botella 50 cl</span>
</a>
</h3>
<p class="clear txt_descuento">
</p>
</div>
</td> 
<td headers="c2 r2">
&nbsp;
</td> 
<td headers="c3 r2">
<div class="antes" style="margin-left: 0.8em;height:1.3em; text-decoration: line-through;"></div>
<div class="compra_product">
<div class="precio_product" style="width:">
<p class="ahora"><span>
0,32 &euro;</span></p>
<div class="precio_kg clear"> (0,64 &euro; / Litro)</div>
</div>
</td>
<td headers="c4 r2">
<input value="0110200530001007___" type="hidden" name="catalogRefId15" id="catalogRefId15"><input value=" " type="hidden" name="_D:catalogRefId15"><input value="0110200530001007___" type="hidden" name="giftListItemCatalogRefId15" id="giftListItemCatalogRefId15"><input value=" " type="hidden" name="_D:giftListItemCatalogRefId15"><input value="0110200530001007___" type="hidden" name="productId15" id="productId15"><input value=" " type="hidden" name="_D:productId15"><input value="0110200530001007___" type="hidden" name="giftListItemProductId15" id="giftListItemProductId15"><input value=" " type="hidden" name="_D:giftListItemProductId15"><input value="supermarket" type="hidden" name="/atg/commerce/order/purchase/CartModifierFormHandler.itemsAux[15].value.originCatalogue"><input value=" " type="hidden" name="_D:/atg/commerce/order/purchase/CartModifierFormHandler.itemsAux[15].value.originCatalogue"><input value="supermarket" type="hidden" name="/eci/supermarket/commerce/gifts/WishListsFormHandler.items[15].value.originCatalogue"><input value=" " type="hidden" name="_D:/eci/supermarket/commerce/gifts/WishListsFormHandler.items[15].value.originCatalogue"><input value="MIS_LISTAS" type="hidden" name="/atg/commerce/order/purchase/CartModifierFormHandler.itemsAux[15].value.boughtFrom"><input value=" " type="hidden" name="_D:/atg/commerce/order/purchase/CartModifierFormHandler.itemsAux[15].value.boughtFrom"><input value="MIS_LISTAS" type="hidden" name="/eci/supermarket/commerce/gifts/WishListsFormHandler.items[15].value.boughtFrom"><input value=" " type="hidden" name="_D:/eci/supermarket/commerce/gifts/WishListsFormHandler.items[15].value.boughtFrom"><input value="unit" type="hidden" name="saleType15" id="saleType15"><input value=" " type="hidden" name="_D:saleType15"><input value="unit" type="hidden" name="giftListItemSaleType15" id="giftListItemSaleType15"><input value=" " type="hidden" name="_D:giftListItemSaleType15"> <table>
<tr>
<td rowspan="2" style="border:none">
<div class="caja_cantidad_shopping_cart">
<input value="1" onkeyup="javascript:updateOnlyUnits(event, 15, false, 'Especifique la cantidad de producto');" maxlength="3" type="text" align="absMiddle" style="font-size: 110%; font-family: MS Shell Dlg; text-align: center;" size="3" name="quantity15" id="quantity15"><input value=" " type="hidden" name="_D:quantity15"> </div>
</td>
<input value="0" type="hidden" name="giftListItemQuantity15" id="giftListItemQuantity15"><input value=" " type="hidden" name="_D:giftListItemQuantity15"> <input type="hidden" id='quantity_h15' name='quantity_h15' value='1' />
<td rowspan="2" style="border:none"><img width="4" height="10" src="/hipercor/static/sm2/img/elementos/nada.gif" border="0"></img></td>
<td valign="bottom"><img width="13" height="9" style="cursor: pointer" onclick="incrementOnlyUnits(15, false);" src="/hipercor/static/sm2/img/productos/mas.gif" border="0"></img></td>
<td rowspan="2" style="border:none"><img width="5" height="10" src="/hipercor/static/sm2/img/elementos/nada.gif" border="0"></img></td>
</tr>
<tr>
<td valign="top"><img style="cursor: pointer; float:left;" onclick="decrementOnlyUnits(15, false);" src="/hipercor/static/sm2/img/productos/menos.gif" border="0"></img></td>
</tr>
</table>
<input type="hidden" name="preparationType" id="preparationType" value="" />
</td> 
<td headers="c6 r2">
<div class="product_anadir">
<input type="checkbox" id='0110200530001007____checkbox' name="0110200530001007____checkbox" value="0110200530001007___" checked="checked"/>
</div>
</td>
</tr>
<tr>
<input value="1" type="hidden" name="area16" id="area16"><input value=" " type="hidden" name="_D:area16"><input value="1" type="hidden" name="giftListItemArea16" id="giftListItemArea16"><input value=" " type="hidden" name="_D:giftListItemArea16"><input value="0110200512100694___" type="hidden" name="productId16" id="productId16"><input value=" " type="hidden" name="_D:productId16"><input value="ninguno" type="hidden" name="brokenStockPolicy16" id="brokenStockPolicy16"><input value=" " type="hidden" name="_D:brokenStockPolicy16"><input value="ninguno" type="hidden" name="giftListItemBrokenStockPolicy16" id="giftListItemBrokenStockPolicy16"><input value=" " type="hidden" name="_D:giftListItemBrokenStockPolicy16">
<td class="cart_product" headers="c1 r2">
<div class="cart_product_img">
<a href="#" title="" onclick="openOnlyUnitsPopup('gi19680745', 16, '0110200512100694___','MIS_LISTAS'); return false;">
<img src="http://sgfm.elcorteingles.es/SGFM/00/69/4/0200512100694/0200512100694000x01011.jpg" alt=""></img> </a>
</div>
<div class="cart_product_txt">
<h3>
<a href="#" title="" id="item16" onclick="openOnlyUnitsPopup('gi19680745', 16, '0110200512100694___','MIS_LISTAS'); return false;">
<span>MINUTE MAID Limón&amp;Nada con hierbabuena botella 1 l</span>
</a>
</h3>
<p class="clear txt_descuento">
</p>
</div>
</td> 
<td headers="c2 r2">
&nbsp;
</td> 
<td headers="c3 r2">
<div class="antes" style="margin-left: 0.8em;height:1.3em; text-decoration: line-through;"></div>
<div class="compra_product">
<div class="precio_product" style="width:">
<p class="ahora"><span>
1,31 &euro;</span></p>
<div class="precio_kg clear"> (1,31 &euro; / Litro)</div>
</div>
</td>
<td headers="c4 r2">
<input value="0110200512100694___" type="hidden" name="catalogRefId16" id="catalogRefId16"><input value=" " type="hidden" name="_D:catalogRefId16"><input value="0110200512100694___" type="hidden" name="giftListItemCatalogRefId16" id="giftListItemCatalogRefId16"><input value=" " type="hidden" name="_D:giftListItemCatalogRefId16"><input value="0110200512100694___" type="hidden" name="productId16" id="productId16"><input value=" " type="hidden" name="_D:productId16"><input value="0110200512100694___" type="hidden" name="giftListItemProductId16" id="giftListItemProductId16"><input value=" " type="hidden" name="_D:giftListItemProductId16"><input value="supermarket" type="hidden" name="/atg/commerce/order/purchase/CartModifierFormHandler.itemsAux[16].value.originCatalogue"><input value=" " type="hidden" name="_D:/atg/commerce/order/purchase/CartModifierFormHandler.itemsAux[16].value.originCatalogue"><input value="supermarket" type="hidden" name="/eci/supermarket/commerce/gifts/WishListsFormHandler.items[16].value.originCatalogue"><input value=" " type="hidden" name="_D:/eci/supermarket/commerce/gifts/WishListsFormHandler.items[16].value.originCatalogue"><input value="MIS_LISTAS" type="hidden" name="/atg/commerce/order/purchase/CartModifierFormHandler.itemsAux[16].value.boughtFrom"><input value=" " type="hidden" name="_D:/atg/commerce/order/purchase/CartModifierFormHandler.itemsAux[16].value.boughtFrom"><input value="MIS_LISTAS" type="hidden" name="/eci/supermarket/commerce/gifts/WishListsFormHandler.items[16].value.boughtFrom"><input value=" " type="hidden" name="_D:/eci/supermarket/commerce/gifts/WishListsFormHandler.items[16].value.boughtFrom"><input value="unit" type="hidden" name="saleType16" id="saleType16"><input value=" " type="hidden" name="_D:saleType16"><input value="unit" type="hidden" name="giftListItemSaleType16" id="giftListItemSaleType16"><input value=" " type="hidden" name="_D:giftListItemSaleType16"> <table>
<tr>
<td rowspan="2" style="border:none">
<div class="caja_cantidad_shopping_cart">
<input value="1" onkeyup="javascript:updateOnlyUnits(event, 16, false, 'Especifique la cantidad de producto');" maxlength="3" type="text" align="absMiddle" style="font-size: 110%; font-family: MS Shell Dlg; text-align: center;" size="3" name="quantity16" id="quantity16"><input value=" " type="hidden" name="_D:quantity16"> </div>
</td>
<input value="0" type="hidden" name="giftListItemQuantity16" id="giftListItemQuantity16"><input value=" " type="hidden" name="_D:giftListItemQuantity16"> <input type="hidden" id='quantity_h16' name='quantity_h16' value='1' />
<td rowspan="2" style="border:none"><img width="4" height="10" src="/hipercor/static/sm2/img/elementos/nada.gif" border="0"></img></td>
<td valign="bottom"><img width="13" height="9" style="cursor: pointer" onclick="incrementOnlyUnits(16, false);" src="/hipercor/static/sm2/img/productos/mas.gif" border="0"></img></td>
<td rowspan="2" style="border:none"><img width="5" height="10" src="/hipercor/static/sm2/img/elementos/nada.gif" border="0"></img></td>
</tr>
<tr>
<td valign="top"><img style="cursor: pointer; float:left;" onclick="decrementOnlyUnits(16, false);" src="/hipercor/static/sm2/img/productos/menos.gif" border="0"></img></td>
</tr>
</table>
<input type="hidden" name="preparationType" id="preparationType" value="" />
</td> 
<td headers="c6 r2">
<div class="product_anadir">
<input type="checkbox" id='0110200512100694____checkbox' name="0110200512100694____checkbox" value="0110200512100694___" checked="checked"/>
</div>
</td>
</tr>
<tr>
<input value="1" type="hidden" name="area17" id="area17"><input value=" " type="hidden" name="_D:area17"><input value="1" type="hidden" name="giftListItemArea17" id="giftListItemArea17"><input value=" " type="hidden" name="_D:giftListItemArea17"><input value="0110200523901536___" type="hidden" name="productId17" id="productId17"><input value=" " type="hidden" name="_D:productId17"><input value="ninguno" type="hidden" name="brokenStockPolicy17" id="brokenStockPolicy17"><input value=" " type="hidden" name="_D:brokenStockPolicy17"><input value="ninguno" type="hidden" name="giftListItemBrokenStockPolicy17" id="giftListItemBrokenStockPolicy17"><input value=" " type="hidden" name="_D:giftListItemBrokenStockPolicy17">
<td class="cart_product" headers="c1 r2">
<div class="cart_product_img">
<a href="#" title="" onclick="openOnlyUnitsPopup('gi19680746', 17, '0110200523901536___','MIS_LISTAS'); return false;">
<img src="http://sgfm.elcorteingles.es/SGFM/01/53/6/0200523901536/0200523901536000x01011.jpg" alt=""></img> </a>
</div>
<div class="cart_product_txt">
<h3>
<a href="#" title="" id="item17" onclick="openOnlyUnitsPopup('gi19680746', 17, '0110200523901536___','MIS_LISTAS'); return false;">
<span>AQUARIUS LIBRE bebida isotónica sin azúcar sabor naranja botella 1,5 l</span>
</a>
</h3>
<p class="clear txt_descuento">
</p>
</div>
</td> 
<td headers="c2 r2">
<img width="21" height="21" title="¡Hemos bajado los precios!" class="simbolo_1" src="http://sgfm.elcorteingles.es/SGFM/supermarket/tematicos/es/011_bajamos_precios.gif" border="0" alt="¡Hemos bajado los precios!"></img>&nbsp;
</td> 
<td headers="c3 r2">
<div class="antes" style="margin-left: 0.8em;height:1.3em; text-decoration: line-through;">
<p>1,42 &euro;</p>
</div>
<div class="compra_product">
<div class="precio_product" style="width:">
<p class="ahora"><span style="color:#E2001A; font-weight: bold;">1,39 &euro;</span></p>
</div>
<div class="precio_kg clear"> (0,93 &euro; / Litro)</div>
</div>
</td>
<td headers="c4 r2">
<input value="0110200523901536___" type="hidden" name="catalogRefId17" id="catalogRefId17"><input value=" " type="hidden" name="_D:catalogRefId17"><input value="0110200523901536___" type="hidden" name="giftListItemCatalogRefId17" id="giftListItemCatalogRefId17"><input value=" " type="hidden" name="_D:giftListItemCatalogRefId17"><input value="0110200523901536___" type="hidden" name="productId17" id="productId17"><input value=" " type="hidden" name="_D:productId17"><input value="0110200523901536___" type="hidden" name="giftListItemProductId17" id="giftListItemProductId17"><input value=" " type="hidden" name="_D:giftListItemProductId17"><input value="supermarket" type="hidden" name="/atg/commerce/order/purchase/CartModifierFormHandler.itemsAux[17].value.originCatalogue"><input value=" " type="hidden" name="_D:/atg/commerce/order/purchase/CartModifierFormHandler.itemsAux[17].value.originCatalogue"><input value="supermarket" type="hidden" name="/eci/supermarket/commerce/gifts/WishListsFormHandler.items[17].value.originCatalogue"><input value=" " type="hidden" name="_D:/eci/supermarket/commerce/gifts/WishListsFormHandler.items[17].value.originCatalogue"><input value="MIS_LISTAS" type="hidden" name="/atg/commerce/order/purchase/CartModifierFormHandler.itemsAux[17].value.boughtFrom"><input value=" " type="hidden" name="_D:/atg/commerce/order/purchase/CartModifierFormHandler.itemsAux[17].value.boughtFrom"><input value="MIS_LISTAS" type="hidden" name="/eci/supermarket/commerce/gifts/WishListsFormHandler.items[17].value.boughtFrom"><input value=" " type="hidden" name="_D:/eci/supermarket/commerce/gifts/WishListsFormHandler.items[17].value.boughtFrom"><input value="unit" type="hidden" name="saleType17" id="saleType17"><input value=" " type="hidden" name="_D:saleType17"><input value="unit" type="hidden" name="giftListItemSaleType17" id="giftListItemSaleType17"><input value=" " type="hidden" name="_D:giftListItemSaleType17"> <table>
<tr>
<td rowspan="2" style="border:none">
<div class="caja_cantidad_shopping_cart">
<input value="1" onkeyup="javascript:updateOnlyUnits(event, 17, false, 'Especifique la cantidad de producto');" maxlength="3" type="text" align="absMiddle" style="font-size: 110%; font-family: MS Shell Dlg; text-align: center;" size="3" name="quantity17" id="quantity17"><input value=" " type="hidden" name="_D:quantity17"> </div>
</td>
<input value="0" type="hidden" name="giftListItemQuantity17" id="giftListItemQuantity17"><input value=" " type="hidden" name="_D:giftListItemQuantity17"> <input type="hidden" id='quantity_h17' name='quantity_h17' value='1' />
<td rowspan="2" style="border:none"><img width="4" height="10" src="/hipercor/static/sm2/img/elementos/nada.gif" border="0"></img></td>
<td valign="bottom"><img width="13" height="9" style="cursor: pointer" onclick="incrementOnlyUnits(17, false);" src="/hipercor/static/sm2/img/productos/mas.gif" border="0"></img></td>
<td rowspan="2" style="border:none"><img width="5" height="10" src="/hipercor/static/sm2/img/elementos/nada.gif" border="0"></img></td>
</tr>
<tr>
<td valign="top"><img style="cursor: pointer; float:left;" onclick="decrementOnlyUnits(17, false);" src="/hipercor/static/sm2/img/productos/menos.gif" border="0"></img></td>
</tr>
</table>
<input type="hidden" name="preparationType" id="preparationType" value="" />
</td> 
<td headers="c6 r2">
<div class="product_anadir">
<input type="checkbox" id='0110200523901536____checkbox' name="0110200523901536____checkbox" value="0110200523901536___" checked="checked"/>
</div>
</td>
</tr>
<tr>
<input value="1" type="hidden" name="area18" id="area18"><input value=" " type="hidden" name="_D:area18"><input value="1" type="hidden" name="giftListItemArea18" id="giftListItemArea18"><input value=" " type="hidden" name="_D:giftListItemArea18"><input value="0110200505501577___" type="hidden" name="productId18" id="productId18"><input value=" " type="hidden" name="_D:productId18"><input value="ninguno" type="hidden" name="brokenStockPolicy18" id="brokenStockPolicy18"><input value=" " type="hidden" name="_D:brokenStockPolicy18"><input value="ninguno" type="hidden" name="giftListItemBrokenStockPolicy18" id="giftListItemBrokenStockPolicy18"><input value=" " type="hidden" name="_D:giftListItemBrokenStockPolicy18">
<td class="cart_product" headers="c1 r2">
<div class="cart_product_img">
<a href="#" title="" onclick="openOnlyUnitsPopup('gi19680754', 18, '0110200505501577___','MIS_LISTAS'); return false;">
<img src="http://sgfm.elcorteingles.es/SGFM/01/57/7/0200505501577/0200505501577000x01011.jpg" alt=""></img> </a>
</div>
<div class="cart_product_txt">
<h3>
<a href="#" title="" id="item18" onclick="openOnlyUnitsPopup('gi19680754', 18, '0110200505501577___','MIS_LISTAS'); return false;">
<span>SAN MIGUEL 0,0 % cerveza sin alcohol con zumo de limón lata 33 cl</span>
</a>
</h3>
<p class="clear txt_descuento">
<span class="titlePromo">
Lleva 3 y paga 2<!-- 3: Lleva 3 y paga 2 -->
</span><br/>
<a href="/hipercor/sm2/catalog/productsListOffer.jsp?gondolaCat=&numProducts=2&minisite=true&commerceItemId=gift-item%3Agi19680754&numPage=&prevGondola=&prevSupersection=&catIdInOffer=&OfferCategoryId=&type=promo&itemId=00512227104002&prevCat=&pReturn=" class="linkPromo"> <span class="linkPromo">Puedes combinar productos ¡pulsa aquí!</span><br/>
</a> </p>
</div>
</td> 
<td headers="c2 r2">
&nbsp;
</td> 
<td headers="c3 r2">
<div class="antes" style="margin-left: 0.8em;height:1.3em; text-decoration: line-through;"></div>
<div class="compra_product">
<div class="precio_product" style="width:">
<p class="ahora"><span>
0,54 &euro;</span></p>
<div class="precio_kg clear"> (1,64 &euro; / Litro)</div>
</div>
</td>
<td headers="c4 r2">
<input value="0110200505501577___" type="hidden" name="catalogRefId18" id="catalogRefId18"><input value=" " type="hidden" name="_D:catalogRefId18"><input value="0110200505501577___" type="hidden" name="giftListItemCatalogRefId18" id="giftListItemCatalogRefId18"><input value=" " type="hidden" name="_D:giftListItemCatalogRefId18"><input value="0110200505501577___" type="hidden" name="productId18" id="productId18"><input value=" " type="hidden" name="_D:productId18"><input value="0110200505501577___" type="hidden" name="giftListItemProductId18" id="giftListItemProductId18"><input value=" " type="hidden" name="_D:giftListItemProductId18"><input value="supermarket" type="hidden" name="/atg/commerce/order/purchase/CartModifierFormHandler.itemsAux[18].value.originCatalogue"><input value=" " type="hidden" name="_D:/atg/commerce/order/purchase/CartModifierFormHandler.itemsAux[18].value.originCatalogue"><input value="supermarket" type="hidden" name="/eci/supermarket/commerce/gifts/WishListsFormHandler.items[18].value.originCatalogue"><input value=" " type="hidden" name="_D:/eci/supermarket/commerce/gifts/WishListsFormHandler.items[18].value.originCatalogue"><input value="MIS_LISTAS" type="hidden" name="/atg/commerce/order/purchase/CartModifierFormHandler.itemsAux[18].value.boughtFrom"><input value=" " type="hidden" name="_D:/atg/commerce/order/purchase/CartModifierFormHandler.itemsAux[18].value.boughtFrom"><input value="MIS_LISTAS" type="hidden" name="/eci/supermarket/commerce/gifts/WishListsFormHandler.items[18].value.boughtFrom"><input value=" " type="hidden" name="_D:/eci/supermarket/commerce/gifts/WishListsFormHandler.items[18].value.boughtFrom"><input value="unit" type="hidden" name="saleType18" id="saleType18"><input value=" " type="hidden" name="_D:saleType18"><input value="unit" type="hidden" name="giftListItemSaleType18" id="giftListItemSaleType18"><input value=" " type="hidden" name="_D:giftListItemSaleType18"> <table>
<tr>
<td rowspan="2" style="border:none">
<div class="caja_cantidad_shopping_cart">
<input value="1" onkeyup="javascript:updateOnlyUnits(event, 18, false, 'Especifique la cantidad de producto');" maxlength="3" type="text" align="absMiddle" style="font-size: 110%; font-family: MS Shell Dlg; text-align: center;" size="3" name="quantity18" id="quantity18"><input value=" " type="hidden" name="_D:quantity18"> </div>
</td>
<input value="0" type="hidden" name="giftListItemQuantity18" id="giftListItemQuantity18"><input value=" " type="hidden" name="_D:giftListItemQuantity18"> <input type="hidden" id='quantity_h18' name='quantity_h18' value='1' />
<td rowspan="2" style="border:none"><img width="4" height="10" src="/hipercor/static/sm2/img/elementos/nada.gif" border="0"></img></td>
<td valign="bottom"><img width="13" height="9" style="cursor: pointer" onclick="incrementOnlyUnits(18, false);" src="/hipercor/static/sm2/img/productos/mas.gif" border="0"></img></td>
<td rowspan="2" style="border:none"><img width="5" height="10" src="/hipercor/static/sm2/img/elementos/nada.gif" border="0"></img></td>
</tr>
<tr>
<td valign="top"><img style="cursor: pointer; float:left;" onclick="decrementOnlyUnits(18, false);" src="/hipercor/static/sm2/img/productos/menos.gif" border="0"></img></td>
</tr>
</table>
<input type="hidden" name="preparationType" id="preparationType" value="" />
</td> 
<td headers="c6 r2">
<div class="product_anadir">
<input type="checkbox" id='0110200505501577____checkbox' name="0110200505501577____checkbox" value="0110200505501577___" checked="checked"/>
</div>
</td>
</tr>
<tr class="fila_categoria">
<th class="tit_categoria" id="r2" colspan="5"><h2> Charcutería y queso envasado</h2></th>
</tr>
<tr>
<input value="1" type="hidden" name="area19" id="area19"><input value=" " type="hidden" name="_D:area19"><input value="1" type="hidden" name="giftListItemArea19" id="giftListItemArea19"><input value=" " type="hidden" name="_D:giftListItemArea19"><input value="0110201030800146___" type="hidden" name="productId19" id="productId19"><input value=" " type="hidden" name="_D:productId19"><input value="ninguno" type="hidden" name="brokenStockPolicy19" id="brokenStockPolicy19"><input value=" " type="hidden" name="_D:brokenStockPolicy19"><input value="ninguno" type="hidden" name="giftListItemBrokenStockPolicy19" id="giftListItemBrokenStockPolicy19"><input value=" " type="hidden" name="_D:giftListItemBrokenStockPolicy19">
<td class="cart_product" headers="c1 r2">
<div class="cart_product_img">
<a href="#" title="" onclick="openOnlyUnitsPopup('gi19680681', 19, '0110201030800146___','MIS_LISTAS'); return false;">
<img src="http://sgfm.elcorteingles.es/SGFM/00/14/6/0201030800146/0201030800146000x01011.jpg" alt=""></img> </a>
</div>
<div class="cart_product_txt">
<h3>
<a href="#" title="" id="item19" onclick="openOnlyUnitsPopup('gi19680681', 19, '0110201030800146___','MIS_LISTAS'); return false;">
<span>PAVOFRIO CAMPOFRIO FINISSIMAS pechuga de pavo braseada en lonchas envase 115</span>
</a>
</h3>
<p class="clear txt_descuento">
</p>
</div>
</td> 
<td headers="c2 r2">
<img width="21" height="21" title="¡Hemos bajado los precios!" class="simbolo_1" src="http://sgfm.elcorteingles.es/SGFM/supermarket/tematicos/es/011_bajamos_precios.gif" border="0" alt="¡Hemos bajado los precios!"></img>&nbsp;
<img width="21" height="21" title="Producto refrigerado" class="simbolo_2" src="http://sgfm.elcorteingles.es/SGFM/supermarket/tematicos/es/011_refrigerado.gif" border="0" alt="Producto refrigerado"></img>&nbsp;
</td> 
<td headers="c3 r2">
<div class="antes" style="margin-left: 0.8em;height:1.3em; text-decoration: line-through;"></div>
<div class="compra_product">
<div class="precio_product" style="width:">
<p class="ahora"><span>
1,73 &euro;</span></p>
<div class="precio_kg clear"> (15,04 &euro; / Kilo)</div>
</div>
</td>
<td headers="c4 r2">
<input value="0110201030800146___" type="hidden" name="catalogRefId19" id="catalogRefId19"><input value=" " type="hidden" name="_D:catalogRefId19"><input value="0110201030800146___" type="hidden" name="giftListItemCatalogRefId19" id="giftListItemCatalogRefId19"><input value=" " type="hidden" name="_D:giftListItemCatalogRefId19"><input value="0110201030800146___" type="hidden" name="productId19" id="productId19"><input value=" " type="hidden" name="_D:productId19"><input value="0110201030800146___" type="hidden" name="giftListItemProductId19" id="giftListItemProductId19"><input value=" " type="hidden" name="_D:giftListItemProductId19"><input value="" type="hidden" name="/atg/commerce/order/purchase/CartModifierFormHandler.itemsAux[19].value.originCatalogue"><input value=" " type="hidden" name="_D:/atg/commerce/order/purchase/CartModifierFormHandler.itemsAux[19].value.originCatalogue"><input value="" type="hidden" name="/eci/supermarket/commerce/gifts/WishListsFormHandler.items[19].value.originCatalogue"><input value=" " type="hidden" name="_D:/eci/supermarket/commerce/gifts/WishListsFormHandler.items[19].value.originCatalogue"><input value="MIS_LISTAS" type="hidden" name="/atg/commerce/order/purchase/CartModifierFormHandler.itemsAux[19].value.boughtFrom"><input value=" " type="hidden" name="_D:/atg/commerce/order/purchase/CartModifierFormHandler.itemsAux[19].value.boughtFrom"><input value="MIS_LISTAS" type="hidden" name="/eci/supermarket/commerce/gifts/WishListsFormHandler.items[19].value.boughtFrom"><input value=" " type="hidden" name="_D:/eci/supermarket/commerce/gifts/WishListsFormHandler.items[19].value.boughtFrom"><input value="unit" type="hidden" name="saleType19" id="saleType19"><input value=" " type="hidden" name="_D:saleType19"><input value="unit" type="hidden" name="giftListItemSaleType19" id="giftListItemSaleType19"><input value=" " type="hidden" name="_D:giftListItemSaleType19"> <table>
<tr>
<td rowspan="2" style="border:none">
<div class="caja_cantidad_shopping_cart">
<input value="1" onkeyup="javascript:updateOnlyUnits(event, 19, false, 'Especifique la cantidad de producto');" maxlength="3" type="text" align="absMiddle" style="font-size: 110%; font-family: MS Shell Dlg; text-align: center;" size="3" name="quantity19" id="quantity19"><input value=" " type="hidden" name="_D:quantity19"> </div>
</td>
<input value="0" type="hidden" name="giftListItemQuantity19" id="giftListItemQuantity19"><input value=" " type="hidden" name="_D:giftListItemQuantity19"> <input type="hidden" id='quantity_h19' name='quantity_h19' value='1' />
<td rowspan="2" style="border:none"><img width="4" height="10" src="/hipercor/static/sm2/img/elementos/nada.gif" border="0"></img></td>
<td valign="bottom"><img width="13" height="9" style="cursor: pointer" onclick="incrementOnlyUnits(19, false);" src="/hipercor/static/sm2/img/productos/mas.gif" border="0"></img></td>
<td rowspan="2" style="border:none"><img width="5" height="10" src="/hipercor/static/sm2/img/elementos/nada.gif" border="0"></img></td>
</tr>
<tr>
<td valign="top"><img style="cursor: pointer; float:left;" onclick="decrementOnlyUnits(19, false);" src="/hipercor/static/sm2/img/productos/menos.gif" border="0"></img></td>
</tr>
</table>
<input type="hidden" name="preparationType" id="preparationType" value="" />
</td> 
<td headers="c6 r2">
<div class="product_anadir">
<input type="checkbox" id='0110201030800146____checkbox' name="0110201030800146____checkbox" value="0110201030800146___" checked="checked"/>
</div>
</td>
</tr>
<tr>
<input value="1" type="hidden" name="area20" id="area20"><input value=" " type="hidden" name="_D:area20"><input value="1" type="hidden" name="giftListItemArea20" id="giftListItemArea20"><input value=" " type="hidden" name="_D:giftListItemArea20"><input value="0110201030800187___" type="hidden" name="productId20" id="productId20"><input value=" " type="hidden" name="_D:productId20"><input value="ninguno" type="hidden" name="brokenStockPolicy20" id="brokenStockPolicy20"><input value=" " type="hidden" name="_D:brokenStockPolicy20"><input value="ninguno" type="hidden" name="giftListItemBrokenStockPolicy20" id="giftListItemBrokenStockPolicy20"><input value=" " type="hidden" name="_D:giftListItemBrokenStockPolicy20">
<td class="cart_product" headers="c1 r2">
<div class="cart_product_img">
<a href="#" title="" onclick="openOnlyUnitsPopup('gi19680683', 20, '0110201030800187___','MIS_LISTAS'); return false;">
<img src="http://sgfm.elcorteingles.es/SGFM/00/18/7/0201030800187/0201030800187000x01011.jpg" alt=""></img> </a>
</div>
<div class="cart_product_txt">
<h3>
<a href="#" title="" id="item20" onclick="openOnlyUnitsPopup('gi19680683', 20, '0110201030800187___','MIS_LISTAS'); return false;">
<span>PAVOFRIO CAMPOFRIO taquitos de pavo braseado pack 2 unidades envase 75 g</span>
</a>
</h3>
<p class="clear txt_descuento">
</p>
</div>
</td> 
<td headers="c2 r2">
<img width="21" height="21" title="Producto refrigerado" class="simbolo_1" src="http://sgfm.elcorteingles.es/SGFM/supermarket/tematicos/es/011_refrigerado.gif" border="0" alt="Producto refrigerado"></img>&nbsp;
</td> 
<td headers="c3 r2">
<div class="antes" style="margin-left: 0.8em;height:1.3em; text-decoration: line-through;"></div>
<div class="compra_product">
<div class="precio_product" style="width:">
<p class="ahora"><span>
2,22 &euro;</span></p>
<div class="precio_kg clear"> (7,4 &euro; / Kilo)</div>
</div>
</td>
<td headers="c4 r2">
<input value="0110201030800187___" type="hidden" name="catalogRefId20" id="catalogRefId20"><input value=" " type="hidden" name="_D:catalogRefId20"><input value="0110201030800187___" type="hidden" name="giftListItemCatalogRefId20" id="giftListItemCatalogRefId20"><input value=" " type="hidden" name="_D:giftListItemCatalogRefId20"><input value="0110201030800187___" type="hidden" name="productId20" id="productId20"><input value=" " type="hidden" name="_D:productId20"><input value="0110201030800187___" type="hidden" name="giftListItemProductId20" id="giftListItemProductId20"><input value=" " type="hidden" name="_D:giftListItemProductId20"><input value="supermarket" type="hidden" name="/atg/commerce/order/purchase/CartModifierFormHandler.itemsAux[20].value.originCatalogue"><input value=" " type="hidden" name="_D:/atg/commerce/order/purchase/CartModifierFormHandler.itemsAux[20].value.originCatalogue"><input value="supermarket" type="hidden" name="/eci/supermarket/commerce/gifts/WishListsFormHandler.items[20].value.originCatalogue"><input value=" " type="hidden" name="_D:/eci/supermarket/commerce/gifts/WishListsFormHandler.items[20].value.originCatalogue"><input value="MIS_LISTAS" type="hidden" name="/atg/commerce/order/purchase/CartModifierFormHandler.itemsAux[20].value.boughtFrom"><input value=" " type="hidden" name="_D:/atg/commerce/order/purchase/CartModifierFormHandler.itemsAux[20].value.boughtFrom"><input value="MIS_LISTAS" type="hidden" name="/eci/supermarket/commerce/gifts/WishListsFormHandler.items[20].value.boughtFrom"><input value=" " type="hidden" name="_D:/eci/supermarket/commerce/gifts/WishListsFormHandler.items[20].value.boughtFrom"><input value="unit" type="hidden" name="saleType20" id="saleType20"><input value=" " type="hidden" name="_D:saleType20"><input value="unit" type="hidden" name="giftListItemSaleType20" id="giftListItemSaleType20"><input value=" " type="hidden" name="_D:giftListItemSaleType20"> <table>
<tr>
<td rowspan="2" style="border:none">
<div class="caja_cantidad_shopping_cart">
<input value="1" onkeyup="javascript:updateOnlyUnits(event, 20, false, 'Especifique la cantidad de producto');" maxlength="3" type="text" align="absMiddle" style="font-size: 110%; font-family: MS Shell Dlg; text-align: center;" size="3" name="quantity20" id="quantity20"><input value=" " type="hidden" name="_D:quantity20"> </div>
</td>
<input value="0" type="hidden" name="giftListItemQuantity20" id="giftListItemQuantity20"><input value=" " type="hidden" name="_D:giftListItemQuantity20"> <input type="hidden" id='quantity_h20' name='quantity_h20' value='1' />
<td rowspan="2" style="border:none"><img width="4" height="10" src="/hipercor/static/sm2/img/elementos/nada.gif" border="0"></img></td>
<td valign="bottom"><img width="13" height="9" style="cursor: pointer" onclick="incrementOnlyUnits(20, false);" src="/hipercor/static/sm2/img/productos/mas.gif" border="0"></img></td>
<td rowspan="2" style="border:none"><img width="5" height="10" src="/hipercor/static/sm2/img/elementos/nada.gif" border="0"></img></td>
</tr>
<tr>
<td valign="top"><img style="cursor: pointer; float:left;" onclick="decrementOnlyUnits(20, false);" src="/hipercor/static/sm2/img/productos/menos.gif" border="0"></img></td>
</tr>
</table>
<input type="hidden" name="preparationType" id="preparationType" value="" />
</td> 
<td headers="c6 r2">
<div class="product_anadir">
<input type="checkbox" id='0110201030800187____checkbox' name="0110201030800187____checkbox" value="0110201030800187___" checked="checked"/>
</div>
</td>
</tr>
<tr>
<input value="1" type="hidden" name="area21" id="area21"><input value=" " type="hidden" name="_D:area21"><input value="1" type="hidden" name="giftListItemArea21" id="giftListItemArea21"><input value=" " type="hidden" name="_D:giftListItemArea21"><input value="0110201030700221___" type="hidden" name="productId21" id="productId21"><input value=" " type="hidden" name="_D:productId21"><input value="ninguno" type="hidden" name="brokenStockPolicy21" id="brokenStockPolicy21"><input value=" " type="hidden" name="_D:brokenStockPolicy21"><input value="ninguno" type="hidden" name="giftListItemBrokenStockPolicy21" id="giftListItemBrokenStockPolicy21"><input value=" " type="hidden" name="_D:giftListItemBrokenStockPolicy21">
<td class="cart_product" headers="c1 r2">
<div class="cart_product_img">
<a href="#" title="" onclick="openOnlyUnitsPopup('gi19680684', 21, '0110201030700221___','MIS_LISTAS'); return false;">
<img src="http://sgfm.elcorteingles.es/SGFM/00/22/1/0201030700221/0201030700221000x01011.jpg" alt=""></img> </a>
</div>
<div class="cart_product_txt">
<h3>
<a href="#" title="" id="item21" onclick="openOnlyUnitsPopup('gi19680684', 21, '0110201030700221___','MIS_LISTAS'); return false;">
<span>CAMPOFRIO FINISSIMAS jamón cocido braseado en lonchas envase 115 g</span>
</a>
</h3>
<p class="clear txt_descuento">
</p>
</div>
</td> 
<td headers="c2 r2">
<img width="21" height="21" title="¡Hemos bajado los precios!" class="simbolo_1" src="http://sgfm.elcorteingles.es/SGFM/supermarket/tematicos/es/011_bajamos_precios.gif" border="0" alt="¡Hemos bajado los precios!"></img>&nbsp;
<img width="21" height="21" title="Producto refrigerado" class="simbolo_2" src="http://sgfm.elcorteingles.es/SGFM/supermarket/tematicos/es/011_refrigerado.gif" border="0" alt="Producto refrigerado"></img>&nbsp;
</td> 
<td headers="c3 r2">
<div class="antes" style="margin-left: 0.8em;height:1.3em; text-decoration: line-through;"></div>
<div class="compra_product">
<div class="precio_product" style="width:">
<p class="ahora"><span>
1,73 &euro;</span></p>
<div class="precio_kg clear"> (15,04 &euro; / Kilo)</div>
</div>
</td>
<td headers="c4 r2">
<input value="0110201030700221___" type="hidden" name="catalogRefId21" id="catalogRefId21"><input value=" " type="hidden" name="_D:catalogRefId21"><input value="0110201030700221___" type="hidden" name="giftListItemCatalogRefId21" id="giftListItemCatalogRefId21"><input value=" " type="hidden" name="_D:giftListItemCatalogRefId21"><input value="0110201030700221___" type="hidden" name="productId21" id="productId21"><input value=" " type="hidden" name="_D:productId21"><input value="0110201030700221___" type="hidden" name="giftListItemProductId21" id="giftListItemProductId21"><input value=" " type="hidden" name="_D:giftListItemProductId21"><input value="supermarket" type="hidden" name="/atg/commerce/order/purchase/CartModifierFormHandler.itemsAux[21].value.originCatalogue"><input value=" " type="hidden" name="_D:/atg/commerce/order/purchase/CartModifierFormHandler.itemsAux[21].value.originCatalogue"><input value="supermarket" type="hidden" name="/eci/supermarket/commerce/gifts/WishListsFormHandler.items[21].value.originCatalogue"><input value=" " type="hidden" name="_D:/eci/supermarket/commerce/gifts/WishListsFormHandler.items[21].value.originCatalogue"><input value="MIS_LISTAS" type="hidden" name="/atg/commerce/order/purchase/CartModifierFormHandler.itemsAux[21].value.boughtFrom"><input value=" " type="hidden" name="_D:/atg/commerce/order/purchase/CartModifierFormHandler.itemsAux[21].value.boughtFrom"><input value="MIS_LISTAS" type="hidden" name="/eci/supermarket/commerce/gifts/WishListsFormHandler.items[21].value.boughtFrom"><input value=" " type="hidden" name="_D:/eci/supermarket/commerce/gifts/WishListsFormHandler.items[21].value.boughtFrom"><input value="unit" type="hidden" name="saleType21" id="saleType21"><input value=" " type="hidden" name="_D:saleType21"><input value="unit" type="hidden" name="giftListItemSaleType21" id="giftListItemSaleType21"><input value=" " type="hidden" name="_D:giftListItemSaleType21"> <table>
<tr>
<td rowspan="2" style="border:none">
<div class="caja_cantidad_shopping_cart">
<input value="1" onkeyup="javascript:updateOnlyUnits(event, 21, false, 'Especifique la cantidad de producto');" maxlength="3" type="text" align="absMiddle" style="font-size: 110%; font-family: MS Shell Dlg; text-align: center;" size="3" name="quantity21" id="quantity21"><input value=" " type="hidden" name="_D:quantity21"> </div>
</td>
<input value="0" type="hidden" name="giftListItemQuantity21" id="giftListItemQuantity21"><input value=" " type="hidden" name="_D:giftListItemQuantity21"> <input type="hidden" id='quantity_h21' name='quantity_h21' value='1' />
<td rowspan="2" style="border:none"><img width="4" height="10" src="/hipercor/static/sm2/img/elementos/nada.gif" border="0"></img></td>
<td valign="bottom"><img width="13" height="9" style="cursor: pointer" onclick="incrementOnlyUnits(21, false);" src="/hipercor/static/sm2/img/productos/mas.gif" border="0"></img></td>
<td rowspan="2" style="border:none"><img width="5" height="10" src="/hipercor/static/sm2/img/elementos/nada.gif" border="0"></img></td>
</tr>
<tr>
<td valign="top"><img style="cursor: pointer; float:left;" onclick="decrementOnlyUnits(21, false);" src="/hipercor/static/sm2/img/productos/menos.gif" border="0"></img></td>
</tr>
</table>
<input type="hidden" name="preparationType" id="preparationType" value="" />
</td> 
<td headers="c6 r2">
<div class="product_anadir">
<input type="checkbox" id='0110201030700221____checkbox' name="0110201030700221____checkbox" value="0110201030700221___" checked="checked"/>
</div>
</td>
</tr>
<tr>
<input value="1" type="hidden" name="area22" id="area22"><input value=" " type="hidden" name="_D:area22"><input value="1" type="hidden" name="giftListItemArea22" id="giftListItemArea22"><input value=" " type="hidden" name="_D:giftListItemArea22"><input value="0110201025200849___" type="hidden" name="productId22" id="productId22"><input value=" " type="hidden" name="_D:productId22"><input value="ninguno" type="hidden" name="brokenStockPolicy22" id="brokenStockPolicy22"><input value=" " type="hidden" name="_D:brokenStockPolicy22"><input value="ninguno" type="hidden" name="giftListItemBrokenStockPolicy22" id="giftListItemBrokenStockPolicy22"><input value=" " type="hidden" name="_D:giftListItemBrokenStockPolicy22">
<td class="cart_product" headers="c1 r2">
<div class="cart_product_img">
<a href="/hipercor/sm2/wishlist/giftItemFragments/#" title="<c:out value=''/>" onclick="return false;" style="text-decoration : none; cursor:default;"><img src="http://sgfm.elcorteingles.es/SGFM/00/84/9/0201025200849/0201025200849000x01011.jpg" alt=""></img></a> </div>
<div class="cart_product_txt">
<h3>
<!-- ProductDescription --><a href="/hipercor/sm2/wishlist/giftItemFragments/#" title="<c:out value=''/>" onclick="return false;" style="text-decoration : none; cursor:default;">
<span>EL CASERIO queso fundido light con vitamina D + calcio 16 lonchas bolsa 300 g</span>
</a> </h3>
</div>
</td> 
<td headers="c2 r2">
<img width="21" height="21" title="Producto refrigerado" class="simbolo_1" src="http://sgfm.elcorteingles.es/SGFM/supermarket/tematicos/es/011_refrigerado.gif" border="0" alt="Producto refrigerado"></img>&nbsp;
</td> <input value="1" type="hidden" name="/atg/commerce/order/purchase/CartModifierFormHandler.itemsAux[22].quantity"><input value=" " type="hidden" name="_D:/atg/commerce/order/purchase/CartModifierFormHandler.itemsAux[22].quantity"><input value="0110201025200849___" type="hidden" name="giftListItemCatalogRefId22" id="giftListItemCatalogRefId22"><input value=" " type="hidden" name="_D:giftListItemCatalogRefId22"><input value="0110201025200849___" type="hidden" name="giftListItemProductId22" id="giftListItemProductId22"><input value=" " type="hidden" name="_D:giftListItemProductId22"><input value="supermarket" type="hidden" name="/eci/supermarket/commerce/gifts/WishListsFormHandler.items[22].value.originCatalogue"><input value=" " type="hidden" name="_D:/eci/supermarket/commerce/gifts/WishListsFormHandler.items[22].value.originCatalogue"><input value="unit" type="hidden" name="giftListItemSaleType22" id="giftListItemSaleType22"><input value=" " type="hidden" name="_D:giftListItemSaleType22"><input value="1" type="hidden" name="giftListItemQuantity22" id="giftListItemQuantity22"><input value=" " type="hidden" name="_D:giftListItemQuantity22"><input value="0" type="hidden" name="giftListItemWeightKilos22" id="giftListItemWeightKilos22"><input value=" " type="hidden" name="_D:giftListItemWeightKilos22"><input value="0" type="hidden" name="giftListItemWeightGrams22" id="giftListItemWeightGrams22"><input value=" " type="hidden" name="_D:giftListItemWeightGrams22"><input value="" type="hidden" name="giftListItemObservations22" id="giftListItemObservations22"><input value=" " type="hidden" name="_D:giftListItemObservations22"><input value="" type="hidden" name="giftListItemPreparationType22" id="giftListItemPreparationType22"><input value=" " type="hidden" name="_D:giftListItemPreparationType22"> <td colspan="3">
<span class="textRed">Producto no disponible</span>
</td>
</tr>
<tr class="fila_categoria">
<th class="tit_categoria" id="r2" colspan="5"><h2> Congelados</h2></th>
</tr>
<tr>
<input value="1" type="hidden" name="area23" id="area23"><input value=" " type="hidden" name="_D:area23"><input value="1" type="hidden" name="giftListItemArea23" id="giftListItemArea23"><input value=" " type="hidden" name="_D:giftListItemArea23"><input value="0110201152003057___" type="hidden" name="productId23" id="productId23"><input value=" " type="hidden" name="_D:productId23"><input value="ninguno" type="hidden" name="brokenStockPolicy23" id="brokenStockPolicy23"><input value=" " type="hidden" name="_D:brokenStockPolicy23"><input value="ninguno" type="hidden" name="giftListItemBrokenStockPolicy23" id="giftListItemBrokenStockPolicy23"><input value=" " type="hidden" name="_D:giftListItemBrokenStockPolicy23">
<td class="cart_product" headers="c1 r2">
<div class="cart_product_img">
<a href="#" title="" onclick="openOnlyUnitsPopup('gi19680759', 23, '0110201152003057___','MIS_LISTAS'); return false;">
<img src="http://sgfm.elcorteingles.es/SGFM/03/05/7/0201152003057/0201152003057000x01011.jpg" alt=""></img> </a>
</div>
<div class="cart_product_txt">
<h3>
<a href="#" title="" id="item23" onclick="openOnlyUnitsPopup('gi19680759', 23, '0110201152003057___','MIS_LISTAS'); return false;">
<span>HAAGEN-DAZS Mint Leaves &amp; Chocolate helado de chocolate con menta tarrina 500 ml</span>
</a>
</h3>
<p class="clear txt_descuento">
</p>
</div>
</td> 
<td headers="c2 r2">
<img width="21" height="21" title="¡Hemos bajado los precios!" class="simbolo_1" src="http://sgfm.elcorteingles.es/SGFM/supermarket/tematicos/es/011_bajamos_precios.gif" border="0" alt="¡Hemos bajado los precios!"></img>&nbsp;
<img width="21" height="21" title="Producto congelado" class="simbolo_2" src="http://sgfm.elcorteingles.es/SGFM/supermarket/tematicos/es/011_Congelados.gif" border="0" alt="Producto congelado"></img>&nbsp;
</td> 
<td headers="c3 r2">
<div class="antes" style="margin-left: 0.8em;height:1.3em; text-decoration: line-through;"></div>
<div class="compra_product">
<div class="precio_product" style="width:">
<p class="ahora"><span>
5,95 &euro;</span></p>
<div class="precio_kg clear"> (11,9 &euro; / Litro)</div>
</div>
</td>
<td headers="c4 r2">
<input value="0110201152003057___" type="hidden" name="catalogRefId23" id="catalogRefId23"><input value=" " type="hidden" name="_D:catalogRefId23"><input value="0110201152003057___" type="hidden" name="giftListItemCatalogRefId23" id="giftListItemCatalogRefId23"><input value=" " type="hidden" name="_D:giftListItemCatalogRefId23"><input value="0110201152003057___" type="hidden" name="productId23" id="productId23"><input value=" " type="hidden" name="_D:productId23"><input value="0110201152003057___" type="hidden" name="giftListItemProductId23" id="giftListItemProductId23"><input value=" " type="hidden" name="_D:giftListItemProductId23"><input value="supermarket" type="hidden" name="/atg/commerce/order/purchase/CartModifierFormHandler.itemsAux[23].value.originCatalogue"><input value=" " type="hidden" name="_D:/atg/commerce/order/purchase/CartModifierFormHandler.itemsAux[23].value.originCatalogue"><input value="supermarket" type="hidden" name="/eci/supermarket/commerce/gifts/WishListsFormHandler.items[23].value.originCatalogue"><input value=" " type="hidden" name="_D:/eci/supermarket/commerce/gifts/WishListsFormHandler.items[23].value.originCatalogue"><input value="MIS_LISTAS" type="hidden" name="/atg/commerce/order/purchase/CartModifierFormHandler.itemsAux[23].value.boughtFrom"><input value=" " type="hidden" name="_D:/atg/commerce/order/purchase/CartModifierFormHandler.itemsAux[23].value.boughtFrom"><input value="MIS_LISTAS" type="hidden" name="/eci/supermarket/commerce/gifts/WishListsFormHandler.items[23].value.boughtFrom"><input value=" " type="hidden" name="_D:/eci/supermarket/commerce/gifts/WishListsFormHandler.items[23].value.boughtFrom"><input value="unit" type="hidden" name="saleType23" id="saleType23"><input value=" " type="hidden" name="_D:saleType23"><input value="unit" type="hidden" name="giftListItemSaleType23" id="giftListItemSaleType23"><input value=" " type="hidden" name="_D:giftListItemSaleType23"> <table>
<tr>
<td rowspan="2" style="border:none">
<div class="caja_cantidad_shopping_cart">
<input value="1" onkeyup="javascript:updateOnlyUnits(event, 23, false, 'Especifique la cantidad de producto');" maxlength="3" type="text" align="absMiddle" style="font-size: 110%; font-family: MS Shell Dlg; text-align: center;" size="3" name="quantity23" id="quantity23"><input value=" " type="hidden" name="_D:quantity23"> </div>
</td>
<input value="0" type="hidden" name="giftListItemQuantity23" id="giftListItemQuantity23"><input value=" " type="hidden" name="_D:giftListItemQuantity23"> <input type="hidden" id='quantity_h23' name='quantity_h23' value='1' />
<td rowspan="2" style="border:none"><img width="4" height="10" src="/hipercor/static/sm2/img/elementos/nada.gif" border="0"></img></td>
<td valign="bottom"><img width="13" height="9" style="cursor: pointer" onclick="incrementOnlyUnits(23, false);" src="/hipercor/static/sm2/img/productos/mas.gif" border="0"></img></td>
<td rowspan="2" style="border:none"><img width="5" height="10" src="/hipercor/static/sm2/img/elementos/nada.gif" border="0"></img></td>
</tr>
<tr>
<td valign="top"><img style="cursor: pointer; float:left;" onclick="decrementOnlyUnits(23, false);" src="/hipercor/static/sm2/img/productos/menos.gif" border="0"></img></td>
</tr>
</table>
<input type="hidden" name="preparationType" id="preparationType" value="" />
</td> 
<td headers="c6 r2">
<div class="product_anadir">
<input type="checkbox" id='0110201152003057____checkbox' name="0110201152003057____checkbox" value="0110201152003057___" checked="checked"/>
</div>
</td>
</tr>
<tr>
<input value="1" type="hidden" name="area24" id="area24"><input value=" " type="hidden" name="_D:area24"><input value="1" type="hidden" name="giftListItemArea24" id="giftListItemArea24"><input value=" " type="hidden" name="_D:giftListItemArea24"><input value="0110201152000350___" type="hidden" name="productId24" id="productId24"><input value=" " type="hidden" name="_D:productId24"><input value="ninguno" type="hidden" name="brokenStockPolicy24" id="brokenStockPolicy24"><input value=" " type="hidden" name="_D:brokenStockPolicy24"><input value="ninguno" type="hidden" name="giftListItemBrokenStockPolicy24" id="giftListItemBrokenStockPolicy24"><input value=" " type="hidden" name="_D:giftListItemBrokenStockPolicy24">
<td class="cart_product" headers="c1 r2">
<div class="cart_product_img">
<a href="#" title="" onclick="openOnlyUnitsPopup('gi19680760', 24, '0110201152000350___','MIS_LISTAS'); return false;">
<img src="http://sgfm.elcorteingles.es/SGFM/00/35/0/0201152000350/0201152000350000x01011.jpg" alt=""></img> </a>
</div>
<div class="cart_product_txt">
<h3>
<a href="#" title="" id="item24" onclick="openOnlyUnitsPopup('gi19680760', 24, '0110201152000350___','MIS_LISTAS'); return false;">
<span>FRIGO CARTE D'OR helado stracciatella tarrina 900 ml</span>
</a>
</h3>
<p class="clear txt_descuento">
</p>
</div>
</td> 
<td headers="c2 r2">
<img width="21" height="21" title="¡Hemos bajado los precios!" class="simbolo_1" src="http://sgfm.elcorteingles.es/SGFM/supermarket/tematicos/es/011_bajamos_precios.gif" border="0" alt="¡Hemos bajado los precios!"></img>&nbsp;
<img width="21" height="21" title="Producto congelado" class="simbolo_2" src="http://sgfm.elcorteingles.es/SGFM/supermarket/tematicos/es/011_Congelados.gif" border="0" alt="Producto congelado"></img>&nbsp;
</td> 
<td headers="c3 r2">
<div class="antes" style="margin-left: 0.8em;height:1.3em; text-decoration: line-through;"></div>
<div class="compra_product">
<div class="precio_product" style="width:">
<p class="ahora"><span>
3,99 &euro;</span></p>
<div class="precio_kg clear"> (4,43 &euro; / Litro)</div>
</div>
</td>
<td headers="c4 r2">
<input value="0110201152000350___" type="hidden" name="catalogRefId24" id="catalogRefId24"><input value=" " type="hidden" name="_D:catalogRefId24"><input value="0110201152000350___" type="hidden" name="giftListItemCatalogRefId24" id="giftListItemCatalogRefId24"><input value=" " type="hidden" name="_D:giftListItemCatalogRefId24"><input value="0110201152000350___" type="hidden" name="productId24" id="productId24"><input value=" " type="hidden" name="_D:productId24"><input value="0110201152000350___" type="hidden" name="giftListItemProductId24" id="giftListItemProductId24"><input value=" " type="hidden" name="_D:giftListItemProductId24"><input value="supermarket" type="hidden" name="/atg/commerce/order/purchase/CartModifierFormHandler.itemsAux[24].value.originCatalogue"><input value=" " type="hidden" name="_D:/atg/commerce/order/purchase/CartModifierFormHandler.itemsAux[24].value.originCatalogue"><input value="supermarket" type="hidden" name="/eci/supermarket/commerce/gifts/WishListsFormHandler.items[24].value.originCatalogue"><input value=" " type="hidden" name="_D:/eci/supermarket/commerce/gifts/WishListsFormHandler.items[24].value.originCatalogue"><input value="MIS_LISTAS" type="hidden" name="/atg/commerce/order/purchase/CartModifierFormHandler.itemsAux[24].value.boughtFrom"><input value=" " type="hidden" name="_D:/atg/commerce/order/purchase/CartModifierFormHandler.itemsAux[24].value.boughtFrom"><input value="MIS_LISTAS" type="hidden" name="/eci/supermarket/commerce/gifts/WishListsFormHandler.items[24].value.boughtFrom"><input value=" " type="hidden" name="_D:/eci/supermarket/commerce/gifts/WishListsFormHandler.items[24].value.boughtFrom"><input value="unit" type="hidden" name="saleType24" id="saleType24"><input value=" " type="hidden" name="_D:saleType24"><input value="unit" type="hidden" name="giftListItemSaleType24" id="giftListItemSaleType24"><input value=" " type="hidden" name="_D:giftListItemSaleType24"> <table>
<tr>
<td rowspan="2" style="border:none">
<div class="caja_cantidad_shopping_cart">
<input value="1" onkeyup="javascript:updateOnlyUnits(event, 24, false, 'Especifique la cantidad de producto');" maxlength="3" type="text" align="absMiddle" style="font-size: 110%; font-family: MS Shell Dlg; text-align: center;" size="3" name="quantity24" id="quantity24"><input value=" " type="hidden" name="_D:quantity24"> </div>
</td>
<input value="0" type="hidden" name="giftListItemQuantity24" id="giftListItemQuantity24"><input value=" " type="hidden" name="_D:giftListItemQuantity24"> <input type="hidden" id='quantity_h24' name='quantity_h24' value='1' />
<td rowspan="2" style="border:none"><img width="4" height="10" src="/hipercor/static/sm2/img/elementos/nada.gif" border="0"></img></td>
<td valign="bottom"><img width="13" height="9" style="cursor: pointer" onclick="incrementOnlyUnits(24, false);" src="/hipercor/static/sm2/img/productos/mas.gif" border="0"></img></td>
<td rowspan="2" style="border:none"><img width="5" height="10" src="/hipercor/static/sm2/img/elementos/nada.gif" border="0"></img></td>
</tr>
<tr>
<td valign="top"><img style="cursor: pointer; float:left;" onclick="decrementOnlyUnits(24, false);" src="/hipercor/static/sm2/img/productos/menos.gif" border="0"></img></td>
</tr>
</table>
<input type="hidden" name="preparationType" id="preparationType" value="" />
</td> 
<td headers="c6 r2">
<div class="product_anadir">
<input type="checkbox" id='0110201152000350____checkbox' name="0110201152000350____checkbox" value="0110201152000350___" checked="checked"/>
</div>
</td>
</tr>
<tr>
<input value="1" type="hidden" name="area25" id="area25"><input value=" " type="hidden" name="_D:area25"><input value="1" type="hidden" name="giftListItemArea25" id="giftListItemArea25"><input value=" " type="hidden" name="_D:giftListItemArea25"><input value="0110201152001242___" type="hidden" name="productId25" id="productId25"><input value=" " type="hidden" name="_D:productId25"><input value="ninguno" type="hidden" name="brokenStockPolicy25" id="brokenStockPolicy25"><input value=" " type="hidden" name="_D:brokenStockPolicy25"><input value="ninguno" type="hidden" name="giftListItemBrokenStockPolicy25" id="giftListItemBrokenStockPolicy25"><input value=" " type="hidden" name="_D:giftListItemBrokenStockPolicy25">
<td class="cart_product" headers="c1 r2">
<div class="cart_product_img">
<a href="/hipercor/sm2/wishlist/giftItemFragments/#" title="<c:out value=''/>" onclick="return false;" style="text-decoration : none; cursor:default;"><img src="http://sgfm.elcorteingles.es/SGFM/01/24/2/0201152001242/0201152001242000x01011.jpg" alt=""></img></a> </div>
<div class="cart_product_txt">
<h3>
<!-- ProductDescription --><a href="/hipercor/sm2/wishlist/giftItemFragments/#" title="<c:out value=''/>" onclick="return false;" style="text-decoration : none; cursor:default;">
<span>FRIGO CARTE D'OR helado sorbete de mandarinas del mediterráneo tarrina 1 l</span>
</a> </h3>
</div>
</td> 
<td headers="c2 r2">
<img width="21" height="21" title="Producto congelado" class="simbolo_1" src="http://sgfm.elcorteingles.es/SGFM/supermarket/tematicos/es/011_Congelados.gif" border="0" alt="Producto congelado"></img>&nbsp;
</td> <input value="1" type="hidden" name="/atg/commerce/order/purchase/CartModifierFormHandler.itemsAux[25].quantity"><input value=" " type="hidden" name="_D:/atg/commerce/order/purchase/CartModifierFormHandler.itemsAux[25].quantity"><input value="0110201152001242___" type="hidden" name="giftListItemCatalogRefId25" id="giftListItemCatalogRefId25"><input value=" " type="hidden" name="_D:giftListItemCatalogRefId25"><input value="0110201152001242___" type="hidden" name="giftListItemProductId25" id="giftListItemProductId25"><input value=" " type="hidden" name="_D:giftListItemProductId25"><input value="supermarket" type="hidden" name="/eci/supermarket/commerce/gifts/WishListsFormHandler.items[25].value.originCatalogue"><input value=" " type="hidden" name="_D:/eci/supermarket/commerce/gifts/WishListsFormHandler.items[25].value.originCatalogue"><input value="unit" type="hidden" name="giftListItemSaleType25" id="giftListItemSaleType25"><input value=" " type="hidden" name="_D:giftListItemSaleType25"><input value="1" type="hidden" name="giftListItemQuantity25" id="giftListItemQuantity25"><input value=" " type="hidden" name="_D:giftListItemQuantity25"><input value="0" type="hidden" name="giftListItemWeightKilos25" id="giftListItemWeightKilos25"><input value=" " type="hidden" name="_D:giftListItemWeightKilos25"><input value="0" type="hidden" name="giftListItemWeightGrams25" id="giftListItemWeightGrams25"><input value=" " type="hidden" name="_D:giftListItemWeightGrams25"><input value="" type="hidden" name="giftListItemObservations25" id="giftListItemObservations25"><input value=" " type="hidden" name="_D:giftListItemObservations25"><input value="" type="hidden" name="giftListItemPreparationType25" id="giftListItemPreparationType25"><input value=" " type="hidden" name="_D:giftListItemPreparationType25"> <td colspan="3">
<span class="textRed">Producto no disponible</span>
</td>
</tr>
<tr class="fila_categoria">
<th class="tit_categoria" id="r2" colspan="5"><h2> Desayunos, dulces y pan</h2></th>
</tr>
<tr>
<input value="1" type="hidden" name="area26" id="area26"><input value=" " type="hidden" name="_D:area26"><input value="1" type="hidden" name="giftListItemArea26" id="giftListItemArea26"><input value=" " type="hidden" name="_D:giftListItemArea26"><input value="0110200253000210___" type="hidden" name="productId26" id="productId26"><input value=" " type="hidden" name="_D:productId26"><input value="ninguno" type="hidden" name="brokenStockPolicy26" id="brokenStockPolicy26"><input value=" " type="hidden" name="_D:brokenStockPolicy26"><input value="ninguno" type="hidden" name="giftListItemBrokenStockPolicy26" id="giftListItemBrokenStockPolicy26"><input value=" " type="hidden" name="_D:giftListItemBrokenStockPolicy26">
<td class="cart_product" headers="c1 r2">
<div class="cart_product_img">
<a href="#" title="" onclick="openOnlyUnitsPopup('gi19680665', 26, '0110200253000210___','MIS_LISTAS'); return false;">
<img src="http://sgfm.elcorteingles.es/SGFM/00/21/0/0200253000210/0200253000210000x01011.jpg" alt=""></img> </a>
</div>
<div class="cart_product_txt">
<h3>
<a href="#" title="" id="item26" onclick="openOnlyUnitsPopup('gi19680665', 26, '0110200253000210___','MIS_LISTAS'); return false;">
<span>HIPERCOR picos de pan con aceite de oliva ecológico bolsa 150 g</span>
</a>
</h3>
<p class="clear txt_descuento">
</p>
</div>
</td> 
<td headers="c2 r2">
<img width="21" height="21" title="Producto ecológico" class="simbolo_1" src="http://sgfm.elcorteingles.es/SGFM/supermarket/tematicos/es/011_ecologico.gif" border="0" alt="Producto ecológico"></img>&nbsp;
</td> 
<td headers="c3 r2">
<div class="antes" style="margin-left: 0.8em;height:1.3em; text-decoration: line-through;"></div>
<div class="compra_product">
<div class="precio_product" style="width:">
<p class="ahora"><span>
1,29 &euro;</span></p>
<div class="precio_kg clear"> (8,6 &euro; / Kilo)</div>
</div>
</td>
<td headers="c4 r2">
<input value="0110200253000210___" type="hidden" name="catalogRefId26" id="catalogRefId26"><input value=" " type="hidden" name="_D:catalogRefId26"><input value="0110200253000210___" type="hidden" name="giftListItemCatalogRefId26" id="giftListItemCatalogRefId26"><input value=" " type="hidden" name="_D:giftListItemCatalogRefId26"><input value="0110200253000210___" type="hidden" name="productId26" id="productId26"><input value=" " type="hidden" name="_D:productId26"><input value="0110200253000210___" type="hidden" name="giftListItemProductId26" id="giftListItemProductId26"><input value=" " type="hidden" name="_D:giftListItemProductId26"><input value="supermarket" type="hidden" name="/atg/commerce/order/purchase/CartModifierFormHandler.itemsAux[26].value.originCatalogue"><input value=" " type="hidden" name="_D:/atg/commerce/order/purchase/CartModifierFormHandler.itemsAux[26].value.originCatalogue"><input value="supermarket" type="hidden" name="/eci/supermarket/commerce/gifts/WishListsFormHandler.items[26].value.originCatalogue"><input value=" " type="hidden" name="_D:/eci/supermarket/commerce/gifts/WishListsFormHandler.items[26].value.originCatalogue"><input value="MIS_LISTAS" type="hidden" name="/atg/commerce/order/purchase/CartModifierFormHandler.itemsAux[26].value.boughtFrom"><input value=" " type="hidden" name="_D:/atg/commerce/order/purchase/CartModifierFormHandler.itemsAux[26].value.boughtFrom"><input value="MIS_LISTAS" type="hidden" name="/eci/supermarket/commerce/gifts/WishListsFormHandler.items[26].value.boughtFrom"><input value=" " type="hidden" name="_D:/eci/supermarket/commerce/gifts/WishListsFormHandler.items[26].value.boughtFrom"><input value="unit" type="hidden" name="saleType26" id="saleType26"><input value=" " type="hidden" name="_D:saleType26"><input value="unit" type="hidden" name="giftListItemSaleType26" id="giftListItemSaleType26"><input value=" " type="hidden" name="_D:giftListItemSaleType26"> <table>
<tr>
<td rowspan="2" style="border:none">
<div class="caja_cantidad_shopping_cart">
<input value="1" onkeyup="javascript:updateOnlyUnits(event, 26, false, 'Especifique la cantidad de producto');" maxlength="3" type="text" align="absMiddle" style="font-size: 110%; font-family: MS Shell Dlg; text-align: center;" size="3" name="quantity26" id="quantity26"><input value=" " type="hidden" name="_D:quantity26"> </div>
</td>
<input value="0" type="hidden" name="giftListItemQuantity26" id="giftListItemQuantity26"><input value=" " type="hidden" name="_D:giftListItemQuantity26"> <input type="hidden" id='quantity_h26' name='quantity_h26' value='1' />
<td rowspan="2" style="border:none"><img width="4" height="10" src="/hipercor/static/sm2/img/elementos/nada.gif" border="0"></img></td>
<td valign="bottom"><img width="13" height="9" style="cursor: pointer" onclick="incrementOnlyUnits(26, false);" src="/hipercor/static/sm2/img/productos/mas.gif" border="0"></img></td>
<td rowspan="2" style="border:none"><img width="5" height="10" src="/hipercor/static/sm2/img/elementos/nada.gif" border="0"></img></td>
</tr>
<tr>
<td valign="top"><img style="cursor: pointer; float:left;" onclick="decrementOnlyUnits(26, false);" src="/hipercor/static/sm2/img/productos/menos.gif" border="0"></img></td>
</tr>
</table>
<input type="hidden" name="preparationType" id="preparationType" value="" />
</td> 
<td headers="c6 r2">
<div class="product_anadir">
<input type="checkbox" id='0110200253000210____checkbox' name="0110200253000210____checkbox" value="0110200253000210___" checked="checked"/>
</div>
</td>
</tr>
<tr>
<input value="1" type="hidden" name="area27" id="area27"><input value=" " type="hidden" name="_D:area27"><input value="1" type="hidden" name="giftListItemArea27" id="giftListItemArea27"><input value=" " type="hidden" name="_D:giftListItemArea27"><input value="0110200241600360___" type="hidden" name="productId27" id="productId27"><input value=" " type="hidden" name="_D:productId27"><input value="ninguno" type="hidden" name="brokenStockPolicy27" id="brokenStockPolicy27"><input value=" " type="hidden" name="_D:brokenStockPolicy27"><input value="ninguno" type="hidden" name="giftListItemBrokenStockPolicy27" id="giftListItemBrokenStockPolicy27"><input value=" " type="hidden" name="_D:giftListItemBrokenStockPolicy27">
<td class="cart_product" headers="c1 r2">
<div class="cart_product_img">
<a href="#" title="" onclick="openOnlyUnitsPopup('gi19680703', 27, '0110200241600360___','MIS_LISTAS'); return false;">
<img src="http://sgfm.elcorteingles.es/SGFM/00/36/0/0200241600360/0200241600360000x01011.jpg" alt=""></img> </a>
</div>
<div class="cart_product_txt">
<h3>
<a href="#" title="" id="item27" onclick="openOnlyUnitsPopup('gi19680703', 27, '0110200241600360___','MIS_LISTAS'); return false;">
<span>NESTLE GOLDEN GRAHAMS cereales de desayuno con miel paquete 375 g</span>
</a>
</h3>
<p class="clear txt_descuento">
</p>
</div>
</td> 
<td headers="c2 r2">
<img width="21" height="21" title="¡Hemos bajado los precios!" class="simbolo_1" src="http://sgfm.elcorteingles.es/SGFM/supermarket/tematicos/es/011_bajamos_precios.gif" border="0" alt="¡Hemos bajado los precios!"></img>&nbsp;
</td> 
<td headers="c3 r2">
<div class="antes" style="margin-left: 0.8em;height:1.3em; text-decoration: line-through;"></div>
<div class="compra_product">
<div class="precio_product" style="width:">
<p class="ahora"><span>
2,2 &euro;</span></p>
<div class="precio_kg clear"> (5,87 &euro; / Kilo)</div>
</div>
</td>
<td headers="c4 r2">
<input value="0110200241600360___" type="hidden" name="catalogRefId27" id="catalogRefId27"><input value=" " type="hidden" name="_D:catalogRefId27"><input value="0110200241600360___" type="hidden" name="giftListItemCatalogRefId27" id="giftListItemCatalogRefId27"><input value=" " type="hidden" name="_D:giftListItemCatalogRefId27"><input value="0110200241600360___" type="hidden" name="productId27" id="productId27"><input value=" " type="hidden" name="_D:productId27"><input value="0110200241600360___" type="hidden" name="giftListItemProductId27" id="giftListItemProductId27"><input value=" " type="hidden" name="_D:giftListItemProductId27"><input value="supermarket" type="hidden" name="/atg/commerce/order/purchase/CartModifierFormHandler.itemsAux[27].value.originCatalogue"><input value=" " type="hidden" name="_D:/atg/commerce/order/purchase/CartModifierFormHandler.itemsAux[27].value.originCatalogue"><input value="supermarket" type="hidden" name="/eci/supermarket/commerce/gifts/WishListsFormHandler.items[27].value.originCatalogue"><input value=" " type="hidden" name="_D:/eci/supermarket/commerce/gifts/WishListsFormHandler.items[27].value.originCatalogue"><input value="MIS_LISTAS" type="hidden" name="/atg/commerce/order/purchase/CartModifierFormHandler.itemsAux[27].value.boughtFrom"><input value=" " type="hidden" name="_D:/atg/commerce/order/purchase/CartModifierFormHandler.itemsAux[27].value.boughtFrom"><input value="MIS_LISTAS" type="hidden" name="/eci/supermarket/commerce/gifts/WishListsFormHandler.items[27].value.boughtFrom"><input value=" " type="hidden" name="_D:/eci/supermarket/commerce/gifts/WishListsFormHandler.items[27].value.boughtFrom"><input value="unit" type="hidden" name="saleType27" id="saleType27"><input value=" " type="hidden" name="_D:saleType27"><input value="unit" type="hidden" name="giftListItemSaleType27" id="giftListItemSaleType27"><input value=" " type="hidden" name="_D:giftListItemSaleType27"> <table>
<tr>
<td rowspan="2" style="border:none">
<div class="caja_cantidad_shopping_cart">
<input value="1" onkeyup="javascript:updateOnlyUnits(event, 27, false, 'Especifique la cantidad de producto');" maxlength="3" type="text" align="absMiddle" style="font-size: 110%; font-family: MS Shell Dlg; text-align: center;" size="3" name="quantity27" id="quantity27"><input value=" " type="hidden" name="_D:quantity27"> </div>
</td>
<input value="0" type="hidden" name="giftListItemQuantity27" id="giftListItemQuantity27"><input value=" " type="hidden" name="_D:giftListItemQuantity27"> <input type="hidden" id='quantity_h27' name='quantity_h27' value='1' />
<td rowspan="2" style="border:none"><img width="4" height="10" src="/hipercor/static/sm2/img/elementos/nada.gif" border="0"></img></td>
<td valign="bottom"><img width="13" height="9" style="cursor: pointer" onclick="incrementOnlyUnits(27, false);" src="/hipercor/static/sm2/img/productos/mas.gif" border="0"></img></td>
<td rowspan="2" style="border:none"><img width="5" height="10" src="/hipercor/static/sm2/img/elementos/nada.gif" border="0"></img></td>
</tr>
<tr>
<td valign="top"><img style="cursor: pointer; float:left;" onclick="decrementOnlyUnits(27, false);" src="/hipercor/static/sm2/img/productos/menos.gif" border="0"></img></td>
</tr>
</table>
<input type="hidden" name="preparationType" id="preparationType" value="" />
</td> 
<td headers="c6 r2">
<div class="product_anadir">
<input type="checkbox" id='0110200241600360____checkbox' name="0110200241600360____checkbox" value="0110200241600360___" checked="checked"/>
</div>
</td>
</tr>
<tr>
<input value="1" type="hidden" name="area28" id="area28"><input value=" " type="hidden" name="_D:area28"><input value="1" type="hidden" name="giftListItemArea28" id="giftListItemArea28"><input value=" " type="hidden" name="_D:giftListItemArea28"><input value="0110200234101236___" type="hidden" name="productId28" id="productId28"><input value=" " type="hidden" name="_D:productId28"><input value="ninguno" type="hidden" name="brokenStockPolicy28" id="brokenStockPolicy28"><input value=" " type="hidden" name="_D:brokenStockPolicy28"><input value="ninguno" type="hidden" name="giftListItemBrokenStockPolicy28" id="giftListItemBrokenStockPolicy28"><input value=" " type="hidden" name="_D:giftListItemBrokenStockPolicy28">
<td class="cart_product" headers="c1 r2">
<div class="cart_product_img">
<a href="#" title="" onclick="openOnlyUnitsPopup('gi19680740', 28, '0110200234101236___','MIS_LISTAS'); return false;">
<img src="http://sgfm.elcorteingles.es/SGFM/01/23/6/0200234101236/0200234101236000x01011.jpg" alt=""></img> </a>
</div>
<div class="cart_product_txt">
<h3>
<a href="#" title="" id="item28" onclick="openOnlyUnitsPopup('gi19680740', 28, '0110200234101236___','MIS_LISTAS'); return false;">
<span>KELLOGG'S SPECIAL K cereales de desayuno con chocolate y fresas estuche 300 g</span>
</a>
</h3>
<p class="clear txt_descuento">
</p>
</div>
</td> 
<td headers="c2 r2">
<img width="21" height="21" title="¡Hemos bajado los precios!" class="simbolo_1" src="http://sgfm.elcorteingles.es/SGFM/supermarket/tematicos/es/011_bajamos_precios.gif" border="0" alt="¡Hemos bajado los precios!"></img>&nbsp;
</td> 
<td headers="c3 r2">
<div class="antes" style="margin-left: 0.8em;height:1.3em; text-decoration: line-through;"></div>
<div class="compra_product">
<div class="precio_product" style="width:">
<p class="ahora"><span>
2,99 &euro;</span></p>
<div class="precio_kg clear"> (9,97 &euro; / Kilo)</div>
</div>
</td>
<td headers="c4 r2">
<input value="0110200234101236___" type="hidden" name="catalogRefId28" id="catalogRefId28"><input value=" " type="hidden" name="_D:catalogRefId28"><input value="0110200234101236___" type="hidden" name="giftListItemCatalogRefId28" id="giftListItemCatalogRefId28"><input value=" " type="hidden" name="_D:giftListItemCatalogRefId28"><input value="0110200234101236___" type="hidden" name="productId28" id="productId28"><input value=" " type="hidden" name="_D:productId28"><input value="0110200234101236___" type="hidden" name="giftListItemProductId28" id="giftListItemProductId28"><input value=" " type="hidden" name="_D:giftListItemProductId28"><input value="supermarket" type="hidden" name="/atg/commerce/order/purchase/CartModifierFormHandler.itemsAux[28].value.originCatalogue"><input value=" " type="hidden" name="_D:/atg/commerce/order/purchase/CartModifierFormHandler.itemsAux[28].value.originCatalogue"><input value="supermarket" type="hidden" name="/eci/supermarket/commerce/gifts/WishListsFormHandler.items[28].value.originCatalogue"><input value=" " type="hidden" name="_D:/eci/supermarket/commerce/gifts/WishListsFormHandler.items[28].value.originCatalogue"><input value="MIS_LISTAS" type="hidden" name="/atg/commerce/order/purchase/CartModifierFormHandler.itemsAux[28].value.boughtFrom"><input value=" " type="hidden" name="_D:/atg/commerce/order/purchase/CartModifierFormHandler.itemsAux[28].value.boughtFrom"><input value="MIS_LISTAS" type="hidden" name="/eci/supermarket/commerce/gifts/WishListsFormHandler.items[28].value.boughtFrom"><input value=" " type="hidden" name="_D:/eci/supermarket/commerce/gifts/WishListsFormHandler.items[28].value.boughtFrom"><input value="unit" type="hidden" name="saleType28" id="saleType28"><input value=" " type="hidden" name="_D:saleType28"><input value="unit" type="hidden" name="giftListItemSaleType28" id="giftListItemSaleType28"><input value=" " type="hidden" name="_D:giftListItemSaleType28"> <table>
<tr>
<td rowspan="2" style="border:none">
<div class="caja_cantidad_shopping_cart">
<input value="1" onkeyup="javascript:updateOnlyUnits(event, 28, false, 'Especifique la cantidad de producto');" maxlength="3" type="text" align="absMiddle" style="font-size: 110%; font-family: MS Shell Dlg; text-align: center;" size="3" name="quantity28" id="quantity28"><input value=" " type="hidden" name="_D:quantity28"> </div>
</td>
<input value="0" type="hidden" name="giftListItemQuantity28" id="giftListItemQuantity28"><input value=" " type="hidden" name="_D:giftListItemQuantity28"> <input type="hidden" id='quantity_h28' name='quantity_h28' value='1' />
<td rowspan="2" style="border:none"><img width="4" height="10" src="/hipercor/static/sm2/img/elementos/nada.gif" border="0"></img></td>
<td valign="bottom"><img width="13" height="9" style="cursor: pointer" onclick="incrementOnlyUnits(28, false);" src="/hipercor/static/sm2/img/productos/mas.gif" border="0"></img></td>
<td rowspan="2" style="border:none"><img width="5" height="10" src="/hipercor/static/sm2/img/elementos/nada.gif" border="0"></img></td>
</tr>
<tr>
<td valign="top"><img style="cursor: pointer; float:left;" onclick="decrementOnlyUnits(28, false);" src="/hipercor/static/sm2/img/productos/menos.gif" border="0"></img></td>
</tr>
</table>
<input type="hidden" name="preparationType" id="preparationType" value="" />
</td> 
<td headers="c6 r2">
<div class="product_anadir">
<input type="checkbox" id='0110200234101236____checkbox' name="0110200234101236____checkbox" value="0110200234101236___" checked="checked"/>
</div>
</td>
</tr>
<tr>
<input value="1" type="hidden" name="area29" id="area29"><input value=" " type="hidden" name="_D:area29"><input value="1" type="hidden" name="giftListItemArea29" id="giftListItemArea29"><input value=" " type="hidden" name="_D:giftListItemArea29"><input value="0110200234100063___" type="hidden" name="productId29" id="productId29"><input value=" " type="hidden" name="_D:productId29"><input value="ninguno" type="hidden" name="brokenStockPolicy29" id="brokenStockPolicy29"><input value=" " type="hidden" name="_D:brokenStockPolicy29"><input value="ninguno" type="hidden" name="giftListItemBrokenStockPolicy29" id="giftListItemBrokenStockPolicy29"><input value=" " type="hidden" name="_D:giftListItemBrokenStockPolicy29">
<td class="cart_product" headers="c1 r2">
<div class="cart_product_img">
<a href="#" title="" onclick="openOnlyUnitsPopup('gi19680741', 29, '0110200234100063___','MIS_LISTAS'); return false;">
<img src="http://sgfm.elcorteingles.es/SGFM/00/06/3/0200234100063/0200234100063000x01011.jpg" alt=""></img> </a>
</div>
<div class="cart_product_txt">
<h3>
<a href="#" title="" id="item29" onclick="openOnlyUnitsPopup('gi19680741', 29, '0110200234100063___','MIS_LISTAS'); return false;">
<span>KELLOGG'S ALL-BRAN Choco cereales de desayuno paquete 375 g</span>
</a>
</h3>
<p class="clear txt_descuento">
</p>
</div>
</td> 
<td headers="c2 r2">
<img width="21" height="21" title="¡Hemos bajado los precios!" class="simbolo_1" src="http://sgfm.elcorteingles.es/SGFM/supermarket/tematicos/es/011_bajamos_precios.gif" border="0" alt="¡Hemos bajado los precios!"></img>&nbsp;
</td> 
<td headers="c3 r2">
<div class="antes" style="margin-left: 0.8em;height:1.3em; text-decoration: line-through;">
<p>2,95 &euro;</p>
</div>
<div class="compra_product">
<div class="precio_product" style="width:">
<p class="ahora"><span style="color:#E2001A; font-weight: bold;">2,9 &euro;</span></p>
</div>
<div class="precio_kg clear"> (7,73 &euro; / Kilo)</div>
</div>
</td>
<td headers="c4 r2">
<input value="0110200234100063___" type="hidden" name="catalogRefId29" id="catalogRefId29"><input value=" " type="hidden" name="_D:catalogRefId29"><input value="0110200234100063___" type="hidden" name="giftListItemCatalogRefId29" id="giftListItemCatalogRefId29"><input value=" " type="hidden" name="_D:giftListItemCatalogRefId29"><input value="0110200234100063___" type="hidden" name="productId29" id="productId29"><input value=" " type="hidden" name="_D:productId29"><input value="0110200234100063___" type="hidden" name="giftListItemProductId29" id="giftListItemProductId29"><input value=" " type="hidden" name="_D:giftListItemProductId29"><input value="supermarket" type="hidden" name="/atg/commerce/order/purchase/CartModifierFormHandler.itemsAux[29].value.originCatalogue"><input value=" " type="hidden" name="_D:/atg/commerce/order/purchase/CartModifierFormHandler.itemsAux[29].value.originCatalogue"><input value="supermarket" type="hidden" name="/eci/supermarket/commerce/gifts/WishListsFormHandler.items[29].value.originCatalogue"><input value=" " type="hidden" name="_D:/eci/supermarket/commerce/gifts/WishListsFormHandler.items[29].value.originCatalogue"><input value="MIS_LISTAS" type="hidden" name="/atg/commerce/order/purchase/CartModifierFormHandler.itemsAux[29].value.boughtFrom"><input value=" " type="hidden" name="_D:/atg/commerce/order/purchase/CartModifierFormHandler.itemsAux[29].value.boughtFrom"><input value="MIS_LISTAS" type="hidden" name="/eci/supermarket/commerce/gifts/WishListsFormHandler.items[29].value.boughtFrom"><input value=" " type="hidden" name="_D:/eci/supermarket/commerce/gifts/WishListsFormHandler.items[29].value.boughtFrom"><input value="unit" type="hidden" name="saleType29" id="saleType29"><input value=" " type="hidden" name="_D:saleType29"><input value="unit" type="hidden" name="giftListItemSaleType29" id="giftListItemSaleType29"><input value=" " type="hidden" name="_D:giftListItemSaleType29"> <table>
<tr>
<td rowspan="2" style="border:none">
<div class="caja_cantidad_shopping_cart">
<input value="1" onkeyup="javascript:updateOnlyUnits(event, 29, false, 'Especifique la cantidad de producto');" maxlength="3" type="text" align="absMiddle" style="font-size: 110%; font-family: MS Shell Dlg; text-align: center;" size="3" name="quantity29" id="quantity29"><input value=" " type="hidden" name="_D:quantity29"> </div>
</td>
<input value="0" type="hidden" name="giftListItemQuantity29" id="giftListItemQuantity29"><input value=" " type="hidden" name="_D:giftListItemQuantity29"> <input type="hidden" id='quantity_h29' name='quantity_h29' value='1' />
<td rowspan="2" style="border:none"><img width="4" height="10" src="/hipercor/static/sm2/img/elementos/nada.gif" border="0"></img></td>
<td valign="bottom"><img width="13" height="9" style="cursor: pointer" onclick="incrementOnlyUnits(29, false);" src="/hipercor/static/sm2/img/productos/mas.gif" border="0"></img></td>
<td rowspan="2" style="border:none"><img width="5" height="10" src="/hipercor/static/sm2/img/elementos/nada.gif" border="0"></img></td>
</tr>
<tr>
<td valign="top"><img style="cursor: pointer; float:left;" onclick="decrementOnlyUnits(29, false);" src="/hipercor/static/sm2/img/productos/menos.gif" border="0"></img></td>
</tr>
</table>
<input type="hidden" name="preparationType" id="preparationType" value="" />
</td> 
<td headers="c6 r2">
<div class="product_anadir">
<input type="checkbox" id='0110200234100063____checkbox' name="0110200234100063____checkbox" value="0110200234100063___" checked="checked"/>
</div>
</td>
</tr>
<tr>
<input value="1" type="hidden" name="area30" id="area30"><input value=" " type="hidden" name="_D:area30"><input value="1" type="hidden" name="giftListItemArea30" id="giftListItemArea30"><input value=" " type="hidden" name="_D:giftListItemArea30"><input value="0110200241600105___" type="hidden" name="productId30" id="productId30"><input value=" " type="hidden" name="_D:productId30"><input value="ninguno" type="hidden" name="brokenStockPolicy30" id="brokenStockPolicy30"><input value=" " type="hidden" name="_D:brokenStockPolicy30"><input value="ninguno" type="hidden" name="giftListItemBrokenStockPolicy30" id="giftListItemBrokenStockPolicy30"><input value=" " type="hidden" name="_D:giftListItemBrokenStockPolicy30">
<td class="cart_product" headers="c1 r2">
<div class="cart_product_img">
<a href="#" title="" onclick="openOnlyUnitsPopup('gi19680742', 30, '0110200241600105___','MIS_LISTAS'); return false;">
<img src="http://sgfm.elcorteingles.es/SGFM/00/10/5/0200241600105/0200241600105000x01011.jpg" alt=""></img> </a>
</div>
<div class="cart_product_txt">
<h3>
<a href="#" title="" id="item30" onclick="openOnlyUnitsPopup('gi19680742', 30, '0110200241600105___','MIS_LISTAS'); return false;">
<span>KELLOGG'S CORN FLAKES Crunchy Nut cereales de desayuno paquete 375 g</span>
</a>
</h3>
<p class="clear txt_descuento">
</p>
</div>
</td> 
<td headers="c2 r2">
<img width="21" height="21" title="¡Hemos bajado los precios!" class="simbolo_1" src="http://sgfm.elcorteingles.es/SGFM/supermarket/tematicos/es/011_bajamos_precios.gif" border="0" alt="¡Hemos bajado los precios!"></img>&nbsp;
</td> 
<td headers="c3 r2">
<div class="antes" style="margin-left: 0.8em;height:1.3em; text-decoration: line-through;"></div>
<div class="compra_product">
<div class="precio_product" style="width:">
<p class="ahora"><span>
2,75 &euro;</span></p>
<div class="precio_kg clear"> (7,33 &euro; / Kilo)</div>
</div>
</td>
<td headers="c4 r2">
<input value="0110200241600105___" type="hidden" name="catalogRefId30" id="catalogRefId30"><input value=" " type="hidden" name="_D:catalogRefId30"><input value="0110200241600105___" type="hidden" name="giftListItemCatalogRefId30" id="giftListItemCatalogRefId30"><input value=" " type="hidden" name="_D:giftListItemCatalogRefId30"><input value="0110200241600105___" type="hidden" name="productId30" id="productId30"><input value=" " type="hidden" name="_D:productId30"><input value="0110200241600105___" type="hidden" name="giftListItemProductId30" id="giftListItemProductId30"><input value=" " type="hidden" name="_D:giftListItemProductId30"><input value="supermarket" type="hidden" name="/atg/commerce/order/purchase/CartModifierFormHandler.itemsAux[30].value.originCatalogue"><input value=" " type="hidden" name="_D:/atg/commerce/order/purchase/CartModifierFormHandler.itemsAux[30].value.originCatalogue"><input value="supermarket" type="hidden" name="/eci/supermarket/commerce/gifts/WishListsFormHandler.items[30].value.originCatalogue"><input value=" " type="hidden" name="_D:/eci/supermarket/commerce/gifts/WishListsFormHandler.items[30].value.originCatalogue"><input value="MIS_LISTAS" type="hidden" name="/atg/commerce/order/purchase/CartModifierFormHandler.itemsAux[30].value.boughtFrom"><input value=" " type="hidden" name="_D:/atg/commerce/order/purchase/CartModifierFormHandler.itemsAux[30].value.boughtFrom"><input value="MIS_LISTAS" type="hidden" name="/eci/supermarket/commerce/gifts/WishListsFormHandler.items[30].value.boughtFrom"><input value=" " type="hidden" name="_D:/eci/supermarket/commerce/gifts/WishListsFormHandler.items[30].value.boughtFrom"><input value="unit" type="hidden" name="saleType30" id="saleType30"><input value=" " type="hidden" name="_D:saleType30"><input value="unit" type="hidden" name="giftListItemSaleType30" id="giftListItemSaleType30"><input value=" " type="hidden" name="_D:giftListItemSaleType30"> <table>
<tr>
<td rowspan="2" style="border:none">
<div class="caja_cantidad_shopping_cart">
<input value="1" onkeyup="javascript:updateOnlyUnits(event, 30, false, 'Especifique la cantidad de producto');" maxlength="3" type="text" align="absMiddle" style="font-size: 110%; font-family: MS Shell Dlg; text-align: center;" size="3" name="quantity30" id="quantity30"><input value=" " type="hidden" name="_D:quantity30"> </div>
</td>
<input value="0" type="hidden" name="giftListItemQuantity30" id="giftListItemQuantity30"><input value=" " type="hidden" name="_D:giftListItemQuantity30"> <input type="hidden" id='quantity_h30' name='quantity_h30' value='1' />
<td rowspan="2" style="border:none"><img width="4" height="10" src="/hipercor/static/sm2/img/elementos/nada.gif" border="0"></img></td>
<td valign="bottom"><img width="13" height="9" style="cursor: pointer" onclick="incrementOnlyUnits(30, false);" src="/hipercor/static/sm2/img/productos/mas.gif" border="0"></img></td>
<td rowspan="2" style="border:none"><img width="5" height="10" src="/hipercor/static/sm2/img/elementos/nada.gif" border="0"></img></td>
</tr>
<tr>
<td valign="top"><img style="cursor: pointer; float:left;" onclick="decrementOnlyUnits(30, false);" src="/hipercor/static/sm2/img/productos/menos.gif" border="0"></img></td>
</tr>
</table>
<input type="hidden" name="preparationType" id="preparationType" value="" />
</td> 
<td headers="c6 r2">
<div class="product_anadir">
<input type="checkbox" id='0110200241600105____checkbox' name="0110200241600105____checkbox" value="0110200241600105___" checked="checked"/>
</div>
</td>
</tr>
<tr>
<input value="1" type="hidden" name="area31" id="area31"><input value=" " type="hidden" name="_D:area31"><input value="1" type="hidden" name="giftListItemArea31" id="giftListItemArea31"><input value=" " type="hidden" name="_D:giftListItemArea31"><input value="0110200234100659___" type="hidden" name="productId31" id="productId31"><input value=" " type="hidden" name="_D:productId31"><input value="ninguno" type="hidden" name="brokenStockPolicy31" id="brokenStockPolicy31"><input value=" " type="hidden" name="_D:brokenStockPolicy31"><input value="ninguno" type="hidden" name="giftListItemBrokenStockPolicy31" id="giftListItemBrokenStockPolicy31"><input value=" " type="hidden" name="_D:giftListItemBrokenStockPolicy31">
<td class="cart_product" headers="c1 r2">
<div class="cart_product_img">
<a href="#" title="" onclick="openOnlyUnitsPopup('gi19680743', 31, '0110200234100659___','MIS_LISTAS'); return false;">
<img src="http://sgfm.elcorteingles.es/SGFM/00/65/9/0200234100659/0200234100659000x01011.jpg" alt=""></img> </a>
</div>
<div class="cart_product_txt">
<h3>
<a href="#" title="" id="item31" onclick="openOnlyUnitsPopup('gi19680743', 31, '0110200234100659___','MIS_LISTAS'); return false;">
<span>NESTLE FITNESS cereales de desayuno integrales con chocolate negro paquete 375 g</span>
</a>
</h3>
<p class="clear txt_descuento">
</p>
</div>
</td> 
<td headers="c2 r2">
<img width="21" height="21" title="¡Hemos bajado los precios!" class="simbolo_1" src="http://sgfm.elcorteingles.es/SGFM/supermarket/tematicos/es/011_bajamos_precios.gif" border="0" alt="¡Hemos bajado los precios!"></img>&nbsp;
</td> 
<td headers="c3 r2">
<div class="antes" style="margin-left: 0.8em;height:1.3em; text-decoration: line-through;"></div>
<div class="compra_product">
<div class="precio_product" style="width:">
<p class="ahora"><span>
2,3 &euro;</span></p>
<div class="precio_kg clear"> (6,13 &euro; / Kilo)</div>
</div>
</td>
<td headers="c4 r2">
<input value="0110200234100659___" type="hidden" name="catalogRefId31" id="catalogRefId31"><input value=" " type="hidden" name="_D:catalogRefId31"><input value="0110200234100659___" type="hidden" name="giftListItemCatalogRefId31" id="giftListItemCatalogRefId31"><input value=" " type="hidden" name="_D:giftListItemCatalogRefId31"><input value="0110200234100659___" type="hidden" name="productId31" id="productId31"><input value=" " type="hidden" name="_D:productId31"><input value="0110200234100659___" type="hidden" name="giftListItemProductId31" id="giftListItemProductId31"><input value=" " type="hidden" name="_D:giftListItemProductId31"><input value="supermarket" type="hidden" name="/atg/commerce/order/purchase/CartModifierFormHandler.itemsAux[31].value.originCatalogue"><input value=" " type="hidden" name="_D:/atg/commerce/order/purchase/CartModifierFormHandler.itemsAux[31].value.originCatalogue"><input value="supermarket" type="hidden" name="/eci/supermarket/commerce/gifts/WishListsFormHandler.items[31].value.originCatalogue"><input value=" " type="hidden" name="_D:/eci/supermarket/commerce/gifts/WishListsFormHandler.items[31].value.originCatalogue"><input value="MIS_LISTAS" type="hidden" name="/atg/commerce/order/purchase/CartModifierFormHandler.itemsAux[31].value.boughtFrom"><input value=" " type="hidden" name="_D:/atg/commerce/order/purchase/CartModifierFormHandler.itemsAux[31].value.boughtFrom"><input value="MIS_LISTAS" type="hidden" name="/eci/supermarket/commerce/gifts/WishListsFormHandler.items[31].value.boughtFrom"><input value=" " type="hidden" name="_D:/eci/supermarket/commerce/gifts/WishListsFormHandler.items[31].value.boughtFrom"><input value="unit" type="hidden" name="saleType31" id="saleType31"><input value=" " type="hidden" name="_D:saleType31"><input value="unit" type="hidden" name="giftListItemSaleType31" id="giftListItemSaleType31"><input value=" " type="hidden" name="_D:giftListItemSaleType31"> <table>
<tr>
<td rowspan="2" style="border:none">
<div class="caja_cantidad_shopping_cart">
<input value="1" onkeyup="javascript:updateOnlyUnits(event, 31, false, 'Especifique la cantidad de producto');" maxlength="3" type="text" align="absMiddle" style="font-size: 110%; font-family: MS Shell Dlg; text-align: center;" size="3" name="quantity31" id="quantity31"><input value=" " type="hidden" name="_D:quantity31"> </div>
</td>
<input value="0" type="hidden" name="giftListItemQuantity31" id="giftListItemQuantity31"><input value=" " type="hidden" name="_D:giftListItemQuantity31"> <input type="hidden" id='quantity_h31' name='quantity_h31' value='1' />
<td rowspan="2" style="border:none"><img width="4" height="10" src="/hipercor/static/sm2/img/elementos/nada.gif" border="0"></img></td>
<td valign="bottom"><img width="13" height="9" style="cursor: pointer" onclick="incrementOnlyUnits(31, false);" src="/hipercor/static/sm2/img/productos/mas.gif" border="0"></img></td>
<td rowspan="2" style="border:none"><img width="5" height="10" src="/hipercor/static/sm2/img/elementos/nada.gif" border="0"></img></td>
</tr>
<tr>
<td valign="top"><img style="cursor: pointer; float:left;" onclick="decrementOnlyUnits(31, false);" src="/hipercor/static/sm2/img/productos/menos.gif" border="0"></img></td>
</tr>
</table>
<input type="hidden" name="preparationType" id="preparationType" value="" />
</td> 
<td headers="c6 r2">
<div class="product_anadir">
<input type="checkbox" id='0110200234100659____checkbox' name="0110200234100659____checkbox" value="0110200234100659___" checked="checked"/>
</div>
</td>
</tr>
<tr>
<input value="1" type="hidden" name="area32" id="area32"><input value=" " type="hidden" name="_D:area32"><input value="1" type="hidden" name="giftListItemArea32" id="giftListItemArea32"><input value=" " type="hidden" name="_D:giftListItemArea32"><input value="0110200254801194___" type="hidden" name="productId32" id="productId32"><input value=" " type="hidden" name="_D:productId32"><input value="ninguno" type="hidden" name="brokenStockPolicy32" id="brokenStockPolicy32"><input value=" " type="hidden" name="_D:brokenStockPolicy32"><input value="ninguno" type="hidden" name="giftListItemBrokenStockPolicy32" id="giftListItemBrokenStockPolicy32"><input value=" " type="hidden" name="_D:giftListItemBrokenStockPolicy32">
<td class="cart_product" headers="c1 r2">
<div class="cart_product_img">
<a href="#" title="" onclick="openOnlyUnitsPopup('gi19680749', 32, '0110200254801194___','MIS_LISTAS'); return false;">
<img src="http://sgfm.elcorteingles.es/SGFM/01/19/4/0200254801194/0200254801194000x01011.jpg" alt=""></img> </a>
</div>
<div class="cart_product_txt">
<h3>
<a href="#" title="" id="item32" onclick="openOnlyUnitsPopup('gi19680749', 32, '0110200254801194___','MIS_LISTAS'); return false;">
<span>BIMBO pan de molde natural 100% bolsa 460 g</span>
</a>
</h3>
<p class="clear txt_descuento">
</p>
</div>
</td> 
<td headers="c2 r2">
&nbsp;
</td> 
<td headers="c3 r2">
<div class="antes" style="margin-left: 0.8em;height:1.3em; text-decoration: line-through;"></div>
<div class="compra_product">
<div class="precio_product" style="width:">
<p class="ahora"><span>
1,49 &euro;</span></p>
<div class="precio_kg clear"> (3,24 &euro; / Kilo)</div>
</div>
</td>
<td headers="c4 r2">
<input value="0110200254801194___" type="hidden" name="catalogRefId32" id="catalogRefId32"><input value=" " type="hidden" name="_D:catalogRefId32"><input value="0110200254801194___" type="hidden" name="giftListItemCatalogRefId32" id="giftListItemCatalogRefId32"><input value=" " type="hidden" name="_D:giftListItemCatalogRefId32"><input value="0110200254801194___" type="hidden" name="productId32" id="productId32"><input value=" " type="hidden" name="_D:productId32"><input value="0110200254801194___" type="hidden" name="giftListItemProductId32" id="giftListItemProductId32"><input value=" " type="hidden" name="_D:giftListItemProductId32"><input value="supermarket" type="hidden" name="/atg/commerce/order/purchase/CartModifierFormHandler.itemsAux[32].value.originCatalogue"><input value=" " type="hidden" name="_D:/atg/commerce/order/purchase/CartModifierFormHandler.itemsAux[32].value.originCatalogue"><input value="supermarket" type="hidden" name="/eci/supermarket/commerce/gifts/WishListsFormHandler.items[32].value.originCatalogue"><input value=" " type="hidden" name="_D:/eci/supermarket/commerce/gifts/WishListsFormHandler.items[32].value.originCatalogue"><input value="MIS_LISTAS" type="hidden" name="/atg/commerce/order/purchase/CartModifierFormHandler.itemsAux[32].value.boughtFrom"><input value=" " type="hidden" name="_D:/atg/commerce/order/purchase/CartModifierFormHandler.itemsAux[32].value.boughtFrom"><input value="MIS_LISTAS" type="hidden" name="/eci/supermarket/commerce/gifts/WishListsFormHandler.items[32].value.boughtFrom"><input value=" " type="hidden" name="_D:/eci/supermarket/commerce/gifts/WishListsFormHandler.items[32].value.boughtFrom"><input value="unit" type="hidden" name="saleType32" id="saleType32"><input value=" " type="hidden" name="_D:saleType32"><input value="unit" type="hidden" name="giftListItemSaleType32" id="giftListItemSaleType32"><input value=" " type="hidden" name="_D:giftListItemSaleType32"> <table>
<tr>
<td rowspan="2" style="border:none">
<div class="caja_cantidad_shopping_cart">
<input value="1" onkeyup="javascript:updateOnlyUnits(event, 32, false, 'Especifique la cantidad de producto');" maxlength="3" type="text" align="absMiddle" style="font-size: 110%; font-family: MS Shell Dlg; text-align: center;" size="3" name="quantity32" id="quantity32"><input value=" " type="hidden" name="_D:quantity32"> </div>
</td>
<input value="0" type="hidden" name="giftListItemQuantity32" id="giftListItemQuantity32"><input value=" " type="hidden" name="_D:giftListItemQuantity32"> <input type="hidden" id='quantity_h32' name='quantity_h32' value='1' />
<td rowspan="2" style="border:none"><img width="4" height="10" src="/hipercor/static/sm2/img/elementos/nada.gif" border="0"></img></td>
<td valign="bottom"><img width="13" height="9" style="cursor: pointer" onclick="incrementOnlyUnits(32, false);" src="/hipercor/static/sm2/img/productos/mas.gif" border="0"></img></td>
<td rowspan="2" style="border:none"><img width="5" height="10" src="/hipercor/static/sm2/img/elementos/nada.gif" border="0"></img></td>
</tr>
<tr>
<td valign="top"><img style="cursor: pointer; float:left;" onclick="decrementOnlyUnits(32, false);" src="/hipercor/static/sm2/img/productos/menos.gif" border="0"></img></td>
</tr>
</table>
<input type="hidden" name="preparationType" id="preparationType" value="" />
</td> 
<td headers="c6 r2">
<div class="product_anadir">
<input type="checkbox" id='0110200254801194____checkbox' name="0110200254801194____checkbox" value="0110200254801194___" checked="checked"/>
</div>
</td>
</tr>
<tr>
<input value="1" type="hidden" name="area33" id="area33"><input value=" " type="hidden" name="_D:area33"><input value="1" type="hidden" name="giftListItemArea33" id="giftListItemArea33"><input value=" " type="hidden" name="_D:giftListItemArea33"><input value="0110200234100501___" type="hidden" name="productId33" id="productId33"><input value=" " type="hidden" name="_D:productId33"><input value="ninguno" type="hidden" name="brokenStockPolicy33" id="brokenStockPolicy33"><input value=" " type="hidden" name="_D:brokenStockPolicy33"><input value="ninguno" type="hidden" name="giftListItemBrokenStockPolicy33" id="giftListItemBrokenStockPolicy33"><input value=" " type="hidden" name="_D:giftListItemBrokenStockPolicy33">
<td class="cart_product" headers="c1 r2">
<div class="cart_product_img">
<a href="#" title="" onclick="openOnlyUnitsPopup('gi21103533', 33, '0110200234100501___','MIS_LISTAS'); return false;">
<img src="http://sgfm.elcorteingles.es/SGFM/00/50/1/0200234100501/0200234100501000x01011.jpg" alt=""></img> </a>
</div>
<div class="cart_product_txt">
<h3>
<a href="#" title="" id="item33" onclick="openOnlyUnitsPopup('gi21103533', 33, '0110200234100501___','MIS_LISTAS'); return false;">
<span>KELLOGG'S ALL-BRAN Flakes cereales de desayuno con chocolate paquete 375 g</span>
</a>
</h3>
<p class="clear txt_descuento">
</p>
</div>
</td> 
<td headers="c2 r2">
<img width="21" height="21" title="¡Hemos bajado los precios!" class="simbolo_1" src="http://sgfm.elcorteingles.es/SGFM/supermarket/tematicos/es/011_bajamos_precios.gif" border="0" alt="¡Hemos bajado los precios!"></img>&nbsp;
</td> 
<td headers="c3 r2">
<div class="antes" style="margin-left: 0.8em;height:1.3em; text-decoration: line-through;"></div>
<div class="compra_product">
<div class="precio_product" style="width:">
<p class="ahora"><span>
3,19 &euro;</span></p>
<div class="precio_kg clear"> (8,51 &euro; / Kilo)</div>
</div>
</td>
<td headers="c4 r2">
<input value="0110200234100501___" type="hidden" name="catalogRefId33" id="catalogRefId33"><input value=" " type="hidden" name="_D:catalogRefId33"><input value="0110200234100501___" type="hidden" name="giftListItemCatalogRefId33" id="giftListItemCatalogRefId33"><input value=" " type="hidden" name="_D:giftListItemCatalogRefId33"><input value="0110200234100501___" type="hidden" name="productId33" id="productId33"><input value=" " type="hidden" name="_D:productId33"><input value="0110200234100501___" type="hidden" name="giftListItemProductId33" id="giftListItemProductId33"><input value=" " type="hidden" name="_D:giftListItemProductId33"><input value="supermarket" type="hidden" name="/atg/commerce/order/purchase/CartModifierFormHandler.itemsAux[33].value.originCatalogue"><input value=" " type="hidden" name="_D:/atg/commerce/order/purchase/CartModifierFormHandler.itemsAux[33].value.originCatalogue"><input value="supermarket" type="hidden" name="/eci/supermarket/commerce/gifts/WishListsFormHandler.items[33].value.originCatalogue"><input value=" " type="hidden" name="_D:/eci/supermarket/commerce/gifts/WishListsFormHandler.items[33].value.originCatalogue"><input value="MIS_LISTAS" type="hidden" name="/atg/commerce/order/purchase/CartModifierFormHandler.itemsAux[33].value.boughtFrom"><input value=" " type="hidden" name="_D:/atg/commerce/order/purchase/CartModifierFormHandler.itemsAux[33].value.boughtFrom"><input value="MIS_LISTAS" type="hidden" name="/eci/supermarket/commerce/gifts/WishListsFormHandler.items[33].value.boughtFrom"><input value=" " type="hidden" name="_D:/eci/supermarket/commerce/gifts/WishListsFormHandler.items[33].value.boughtFrom"><input value="unit" type="hidden" name="saleType33" id="saleType33"><input value=" " type="hidden" name="_D:saleType33"><input value="unit" type="hidden" name="giftListItemSaleType33" id="giftListItemSaleType33"><input value=" " type="hidden" name="_D:giftListItemSaleType33"> <table>
<tr>
<td rowspan="2" style="border:none">
<div class="caja_cantidad_shopping_cart">
<input value="1" onkeyup="javascript:updateOnlyUnits(event, 33, false, 'Especifique la cantidad de producto');" maxlength="3" type="text" align="absMiddle" style="font-size: 110%; font-family: MS Shell Dlg; text-align: center;" size="3" name="quantity33" id="quantity33"><input value=" " type="hidden" name="_D:quantity33"> </div>
</td>
<input value="0" type="hidden" name="giftListItemQuantity33" id="giftListItemQuantity33"><input value=" " type="hidden" name="_D:giftListItemQuantity33"> <input type="hidden" id='quantity_h33' name='quantity_h33' value='1' />
<td rowspan="2" style="border:none"><img width="4" height="10" src="/hipercor/static/sm2/img/elementos/nada.gif" border="0"></img></td>
<td valign="bottom"><img width="13" height="9" style="cursor: pointer" onclick="incrementOnlyUnits(33, false);" src="/hipercor/static/sm2/img/productos/mas.gif" border="0"></img></td>
<td rowspan="2" style="border:none"><img width="5" height="10" src="/hipercor/static/sm2/img/elementos/nada.gif" border="0"></img></td>
</tr>
<tr>
<td valign="top"><img style="cursor: pointer; float:left;" onclick="decrementOnlyUnits(33, false);" src="/hipercor/static/sm2/img/productos/menos.gif" border="0"></img></td>
</tr>
</table>
<input type="hidden" name="preparationType" id="preparationType" value="" />
</td> 
<td headers="c6 r2">
<div class="product_anadir">
<input type="checkbox" id='0110200234100501____checkbox' name="0110200234100501____checkbox" value="0110200234100501___" checked="checked"/>
</div>
</td>
</tr>
<tr>
<input value="1" type="hidden" name="area34" id="area34"><input value=" " type="hidden" name="_D:area34"><input value="1" type="hidden" name="giftListItemArea34" id="giftListItemArea34"><input value=" " type="hidden" name="_D:giftListItemArea34"><input value="0110200206300667___" type="hidden" name="productId34" id="productId34"><input value=" " type="hidden" name="_D:productId34"><input value="ninguno" type="hidden" name="brokenStockPolicy34" id="brokenStockPolicy34"><input value=" " type="hidden" name="_D:brokenStockPolicy34"><input value="ninguno" type="hidden" name="giftListItemBrokenStockPolicy34" id="giftListItemBrokenStockPolicy34"><input value=" " type="hidden" name="_D:giftListItemBrokenStockPolicy34">
<td class="cart_product" headers="c1 r2">
<div class="cart_product_img">
<a href="#" title="" onclick="openOnlyUnitsPopup('gi21103534', 34, '0110200206300667___','MIS_LISTAS'); return false;">
<img src="http://sgfm.elcorteingles.es/SGFM/00/66/7/0200206300667/0200206300667000x01011.jpg" alt=""></img> </a>
</div>
<div class="cart_product_txt">
<h3>
<a href="#" title="" id="item34" onclick="openOnlyUnitsPopup('gi21103534', 34, '0110200206300667___','MIS_LISTAS'); return false;">
<span>KELLOGG'S EXTRA crujientes cereales de desayuno con chocolate y avellanas paquete 500 g</span>
</a>
</h3>
<p class="clear txt_descuento">
</p>
</div>
</td> 
<td headers="c2 r2">
<img width="21" height="21" title="¡Hemos bajado los precios!" class="simbolo_1" src="http://sgfm.elcorteingles.es/SGFM/supermarket/tematicos/es/011_bajamos_precios.gif" border="0" alt="¡Hemos bajado los precios!"></img>&nbsp;
</td> 
<td headers="c3 r2">
<div class="antes" style="margin-left: 0.8em;height:1.3em; text-decoration: line-through;"></div>
<div class="compra_product">
<div class="precio_product" style="width:">
<p class="ahora"><span>
3 &euro;</span></p>
<div class="precio_kg clear"> (6 &euro; / Kilo)</div>
</div>
</td>
<td headers="c4 r2">
<input value="0110200206300667___" type="hidden" name="catalogRefId34" id="catalogRefId34"><input value=" " type="hidden" name="_D:catalogRefId34"><input value="0110200206300667___" type="hidden" name="giftListItemCatalogRefId34" id="giftListItemCatalogRefId34"><input value=" " type="hidden" name="_D:giftListItemCatalogRefId34"><input value="0110200206300667___" type="hidden" name="productId34" id="productId34"><input value=" " type="hidden" name="_D:productId34"><input value="0110200206300667___" type="hidden" name="giftListItemProductId34" id="giftListItemProductId34"><input value=" " type="hidden" name="_D:giftListItemProductId34"><input value="supermarket" type="hidden" name="/atg/commerce/order/purchase/CartModifierFormHandler.itemsAux[34].value.originCatalogue"><input value=" " type="hidden" name="_D:/atg/commerce/order/purchase/CartModifierFormHandler.itemsAux[34].value.originCatalogue"><input value="supermarket" type="hidden" name="/eci/supermarket/commerce/gifts/WishListsFormHandler.items[34].value.originCatalogue"><input value=" " type="hidden" name="_D:/eci/supermarket/commerce/gifts/WishListsFormHandler.items[34].value.originCatalogue"><input value="MIS_LISTAS" type="hidden" name="/atg/commerce/order/purchase/CartModifierFormHandler.itemsAux[34].value.boughtFrom"><input value=" " type="hidden" name="_D:/atg/commerce/order/purchase/CartModifierFormHandler.itemsAux[34].value.boughtFrom"><input value="MIS_LISTAS" type="hidden" name="/eci/supermarket/commerce/gifts/WishListsFormHandler.items[34].value.boughtFrom"><input value=" " type="hidden" name="_D:/eci/supermarket/commerce/gifts/WishListsFormHandler.items[34].value.boughtFrom"><input value="unit" type="hidden" name="saleType34" id="saleType34"><input value=" " type="hidden" name="_D:saleType34"><input value="unit" type="hidden" name="giftListItemSaleType34" id="giftListItemSaleType34"><input value=" " type="hidden" name="_D:giftListItemSaleType34"> <table>
<tr>
<td rowspan="2" style="border:none">
<div class="caja_cantidad_shopping_cart">
<input value="1" onkeyup="javascript:updateOnlyUnits(event, 34, false, 'Especifique la cantidad de producto');" maxlength="3" type="text" align="absMiddle" style="font-size: 110%; font-family: MS Shell Dlg; text-align: center;" size="3" name="quantity34" id="quantity34"><input value=" " type="hidden" name="_D:quantity34"> </div>
</td>
<input value="0" type="hidden" name="giftListItemQuantity34" id="giftListItemQuantity34"><input value=" " type="hidden" name="_D:giftListItemQuantity34"> <input type="hidden" id='quantity_h34' name='quantity_h34' value='1' />
<td rowspan="2" style="border:none"><img width="4" height="10" src="/hipercor/static/sm2/img/elementos/nada.gif" border="0"></img></td>
<td valign="bottom"><img width="13" height="9" style="cursor: pointer" onclick="incrementOnlyUnits(34, false);" src="/hipercor/static/sm2/img/productos/mas.gif" border="0"></img></td>
<td rowspan="2" style="border:none"><img width="5" height="10" src="/hipercor/static/sm2/img/elementos/nada.gif" border="0"></img></td>
</tr>
<tr>
<td valign="top"><img style="cursor: pointer; float:left;" onclick="decrementOnlyUnits(34, false);" src="/hipercor/static/sm2/img/productos/menos.gif" border="0"></img></td>
</tr>
</table>
<input type="hidden" name="preparationType" id="preparationType" value="" />
</td> 
<td headers="c6 r2">
<div class="product_anadir">
<input type="checkbox" id='0110200206300667____checkbox' name="0110200206300667____checkbox" value="0110200206300667___" checked="checked"/>
</div>
</td>
</tr>
<tr>
<input value="1" type="hidden" name="area35" id="area35"><input value=" " type="hidden" name="_D:area35"><input value="1" type="hidden" name="giftListItemArea35" id="giftListItemArea35"><input value=" " type="hidden" name="_D:giftListItemArea35"><input value="0110200234100923___" type="hidden" name="productId35" id="productId35"><input value=" " type="hidden" name="_D:productId35"><input value="ninguno" type="hidden" name="brokenStockPolicy35" id="brokenStockPolicy35"><input value=" " type="hidden" name="_D:brokenStockPolicy35"><input value="ninguno" type="hidden" name="giftListItemBrokenStockPolicy35" id="giftListItemBrokenStockPolicy35"><input value=" " type="hidden" name="_D:giftListItemBrokenStockPolicy35">
<td class="cart_product" headers="c1 r2">
<div class="cart_product_img">
<a href="#" title="" onclick="openOnlyUnitsPopup('gi21103535', 35, '0110200234100923___','MIS_LISTAS'); return false;">
<img src="http://sgfm.elcorteingles.es/SGFM/00/92/3/0200234100923/0200234100923000x01011.jpg" alt=""></img> </a>
</div>
<div class="cart_product_txt">
<h3>
<a href="#" title="" id="item35" onclick="openOnlyUnitsPopup('gi21103535', 35, '0110200234100923___','MIS_LISTAS'); return false;">
<span>NESTLE FITNESS cereales de desayuno con miel y almendras paquete 355 g</span>
</a>
</h3>
<p class="clear txt_descuento">
</p>
</div>
</td> 
<td headers="c2 r2">
&nbsp;
</td> 
<td headers="c3 r2">
<div class="antes" style="margin-left: 0.8em;height:1.3em; text-decoration: line-through;"></div>
<div class="compra_product">
<div class="precio_product" style="width:">
<p class="ahora"><span>
2,85 &euro;</span></p>
<div class="precio_kg clear"> (8,03 &euro; / Kilo)</div>
</div>
</td>
<td headers="c4 r2">
<input value="0110200234100923___" type="hidden" name="catalogRefId35" id="catalogRefId35"><input value=" " type="hidden" name="_D:catalogRefId35"><input value="0110200234100923___" type="hidden" name="giftListItemCatalogRefId35" id="giftListItemCatalogRefId35"><input value=" " type="hidden" name="_D:giftListItemCatalogRefId35"><input value="0110200234100923___" type="hidden" name="productId35" id="productId35"><input value=" " type="hidden" name="_D:productId35"><input value="0110200234100923___" type="hidden" name="giftListItemProductId35" id="giftListItemProductId35"><input value=" " type="hidden" name="_D:giftListItemProductId35"><input value="supermarket" type="hidden" name="/atg/commerce/order/purchase/CartModifierFormHandler.itemsAux[35].value.originCatalogue"><input value=" " type="hidden" name="_D:/atg/commerce/order/purchase/CartModifierFormHandler.itemsAux[35].value.originCatalogue"><input value="supermarket" type="hidden" name="/eci/supermarket/commerce/gifts/WishListsFormHandler.items[35].value.originCatalogue"><input value=" " type="hidden" name="_D:/eci/supermarket/commerce/gifts/WishListsFormHandler.items[35].value.originCatalogue"><input value="MIS_LISTAS" type="hidden" name="/atg/commerce/order/purchase/CartModifierFormHandler.itemsAux[35].value.boughtFrom"><input value=" " type="hidden" name="_D:/atg/commerce/order/purchase/CartModifierFormHandler.itemsAux[35].value.boughtFrom"><input value="MIS_LISTAS" type="hidden" name="/eci/supermarket/commerce/gifts/WishListsFormHandler.items[35].value.boughtFrom"><input value=" " type="hidden" name="_D:/eci/supermarket/commerce/gifts/WishListsFormHandler.items[35].value.boughtFrom"><input value="unit" type="hidden" name="saleType35" id="saleType35"><input value=" " type="hidden" name="_D:saleType35"><input value="unit" type="hidden" name="giftListItemSaleType35" id="giftListItemSaleType35"><input value=" " type="hidden" name="_D:giftListItemSaleType35"> <table>
<tr>
<td rowspan="2" style="border:none">
<div class="caja_cantidad_shopping_cart">
<input value="1" onkeyup="javascript:updateOnlyUnits(event, 35, false, 'Especifique la cantidad de producto');" maxlength="3" type="text" align="absMiddle" style="font-size: 110%; font-family: MS Shell Dlg; text-align: center;" size="3" name="quantity35" id="quantity35"><input value=" " type="hidden" name="_D:quantity35"> </div>
</td>
<input value="0" type="hidden" name="giftListItemQuantity35" id="giftListItemQuantity35"><input value=" " type="hidden" name="_D:giftListItemQuantity35"> <input type="hidden" id='quantity_h35' name='quantity_h35' value='1' />
<td rowspan="2" style="border:none"><img width="4" height="10" src="/hipercor/static/sm2/img/elementos/nada.gif" border="0"></img></td>
<td valign="bottom"><img width="13" height="9" style="cursor: pointer" onclick="incrementOnlyUnits(35, false);" src="/hipercor/static/sm2/img/productos/mas.gif" border="0"></img></td>
<td rowspan="2" style="border:none"><img width="5" height="10" src="/hipercor/static/sm2/img/elementos/nada.gif" border="0"></img></td>
</tr>
<tr>
<td valign="top"><img style="cursor: pointer; float:left;" onclick="decrementOnlyUnits(35, false);" src="/hipercor/static/sm2/img/productos/menos.gif" border="0"></img></td>
</tr>
</table>
<input type="hidden" name="preparationType" id="preparationType" value="" />
</td> 
<td headers="c6 r2">
<div class="product_anadir">
<input type="checkbox" id='0110200234100923____checkbox' name="0110200234100923____checkbox" value="0110200234100923___" checked="checked"/>
</div>
</td>
</tr>
<tr class="fila_categoria">
<th class="tit_categoria" id="r2" colspan="5"><h2> Droguería y limpieza</h2></th>
</tr>
<tr>
<input value="1" type="hidden" name="area36" id="area36"><input value=" " type="hidden" name="_D:area36"><input value="1" type="hidden" name="giftListItemArea36" id="giftListItemArea36"><input value=" " type="hidden" name="_D:giftListItemArea36"><input value="0110201415401767___" type="hidden" name="productId36" id="productId36"><input value=" " type="hidden" name="_D:productId36"><input value="ninguno" type="hidden" name="brokenStockPolicy36" id="brokenStockPolicy36"><input value=" " type="hidden" name="_D:brokenStockPolicy36"><input value="ninguno" type="hidden" name="giftListItemBrokenStockPolicy36" id="giftListItemBrokenStockPolicy36"><input value=" " type="hidden" name="_D:giftListItemBrokenStockPolicy36">
<td class="cart_product" headers="c1 r2">
<div class="cart_product_img">
<a href="#" title="" onclick="openOnlyUnitsPopup('gi19680698', 36, '0110201415401767___','MIS_LISTAS'); return false;">
<img src="http://sgfm.elcorteingles.es/SGFM/01/76/7/0201415401767/0201415401767000x01011.jpg" alt=""></img> </a>
</div>
<div class="cart_product_txt">
<h3>
<a href="#" title="" id="item36" onclick="openOnlyUnitsPopup('gi19680698', 36, '0110201415401767___','MIS_LISTAS'); return false;">
<span>PATO desinfectante WC discos activos de gel lima fresca 4 en 1 aparato + recambio 6 unidades precio especial</span>
</a>
</h3>
<p class="clear txt_descuento">
</p>
</div>
</td> 
<td headers="c2 r2">
<img width="21" height="21" title="¡Hemos bajado los precios!" class="simbolo_1" src="http://sgfm.elcorteingles.es/SGFM/supermarket/tematicos/es/011_bajamos_precios.gif" border="0" alt="¡Hemos bajado los precios!"></img>&nbsp;
</td> 
<td headers="c3 r2">
<div class="antes" style="margin-left: 0.8em;height:1.3em; text-decoration: line-through;"></div>
<div class="compra_product">
<div class="precio_product" style="width:">
<p class="ahora"><span>
3 &euro;</span></p>
<div class="precio_kg clear"> (3 &euro; / Unidad)</div>
</div>
</td>
<td headers="c4 r2">
<input value="0110201415401767___" type="hidden" name="catalogRefId36" id="catalogRefId36"><input value=" " type="hidden" name="_D:catalogRefId36"><input value="0110201415401767___" type="hidden" name="giftListItemCatalogRefId36" id="giftListItemCatalogRefId36"><input value=" " type="hidden" name="_D:giftListItemCatalogRefId36"><input value="0110201415401767___" type="hidden" name="productId36" id="productId36"><input value=" " type="hidden" name="_D:productId36"><input value="0110201415401767___" type="hidden" name="giftListItemProductId36" id="giftListItemProductId36"><input value=" " type="hidden" name="_D:giftListItemProductId36"><input value="supermarket" type="hidden" name="/atg/commerce/order/purchase/CartModifierFormHandler.itemsAux[36].value.originCatalogue"><input value=" " type="hidden" name="_D:/atg/commerce/order/purchase/CartModifierFormHandler.itemsAux[36].value.originCatalogue"><input value="supermarket" type="hidden" name="/eci/supermarket/commerce/gifts/WishListsFormHandler.items[36].value.originCatalogue"><input value=" " type="hidden" name="_D:/eci/supermarket/commerce/gifts/WishListsFormHandler.items[36].value.originCatalogue"><input value="MIS_LISTAS" type="hidden" name="/atg/commerce/order/purchase/CartModifierFormHandler.itemsAux[36].value.boughtFrom"><input value=" " type="hidden" name="_D:/atg/commerce/order/purchase/CartModifierFormHandler.itemsAux[36].value.boughtFrom"><input value="MIS_LISTAS" type="hidden" name="/eci/supermarket/commerce/gifts/WishListsFormHandler.items[36].value.boughtFrom"><input value=" " type="hidden" name="_D:/eci/supermarket/commerce/gifts/WishListsFormHandler.items[36].value.boughtFrom"><input value="unit" type="hidden" name="saleType36" id="saleType36"><input value=" " type="hidden" name="_D:saleType36"><input value="unit" type="hidden" name="giftListItemSaleType36" id="giftListItemSaleType36"><input value=" " type="hidden" name="_D:giftListItemSaleType36"> <table>
<tr>
<td rowspan="2" style="border:none">
<div class="caja_cantidad_shopping_cart">
<input value="1" onkeyup="javascript:updateOnlyUnits(event, 36, false, 'Especifique la cantidad de producto');" maxlength="3" type="text" align="absMiddle" style="font-size: 110%; font-family: MS Shell Dlg; text-align: center;" size="3" name="quantity36" id="quantity36"><input value=" " type="hidden" name="_D:quantity36"> </div>
</td>
<input value="0" type="hidden" name="giftListItemQuantity36" id="giftListItemQuantity36"><input value=" " type="hidden" name="_D:giftListItemQuantity36"> <input type="hidden" id='quantity_h36' name='quantity_h36' value='1' />
<td rowspan="2" style="border:none"><img width="4" height="10" src="/hipercor/static/sm2/img/elementos/nada.gif" border="0"></img></td>
<td valign="bottom"><img width="13" height="9" style="cursor: pointer" onclick="incrementOnlyUnits(36, false);" src="/hipercor/static/sm2/img/productos/mas.gif" border="0"></img></td>
<td rowspan="2" style="border:none"><img width="5" height="10" src="/hipercor/static/sm2/img/elementos/nada.gif" border="0"></img></td>
</tr>
<tr>
<td valign="top"><img style="cursor: pointer; float:left;" onclick="decrementOnlyUnits(36, false);" src="/hipercor/static/sm2/img/productos/menos.gif" border="0"></img></td>
</tr>
</table>
<input type="hidden" name="preparationType" id="preparationType" value="" />
</td> 
<td headers="c6 r2">
<div class="product_anadir">
<input type="checkbox" id='0110201415401767____checkbox' name="0110201415401767____checkbox" value="0110201415401767___" checked="checked"/>
</div>
</td>
</tr>
<tr>
<input value="1" type="hidden" name="area37" id="area37"><input value=" " type="hidden" name="_D:area37"><input value="1" type="hidden" name="giftListItemArea37" id="giftListItemArea37"><input value=" " type="hidden" name="_D:giftListItemArea37"><input value="0110201415401890___" type="hidden" name="productId37" id="productId37"><input value=" " type="hidden" name="_D:productId37"><input value="ninguno" type="hidden" name="brokenStockPolicy37" id="brokenStockPolicy37"><input value=" " type="hidden" name="_D:brokenStockPolicy37"><input value="ninguno" type="hidden" name="giftListItemBrokenStockPolicy37" id="giftListItemBrokenStockPolicy37"><input value=" " type="hidden" name="_D:giftListItemBrokenStockPolicy37">
<td class="cart_product" headers="c1 r2">
<div class="cart_product_img">
<a href="#" title="" onclick="openOnlyUnitsPopup('gi19680699', 37, '0110201415401890___','MIS_LISTAS'); return false;">
<img src="http://sgfm.elcorteingles.es/SGFM/01/89/0/0201415401890/0201415401890000x01011.jpg" alt=""></img> </a>
</div>
<div class="cart_product_txt">
<h3>
<a href="#" title="" id="item37" onclick="openOnlyUnitsPopup('gi19680699', 37, '0110201415401890___','MIS_LISTAS'); return false;">
<span>PATO desinfectante WC discos activos lima fresca recambio 2 unidades</span>
</a>
</h3>
<p class="clear txt_descuento">
</p>
</div>
</td> 
<td headers="c2 r2">
<img width="21" height="21" title="¡Hemos bajado los precios!" class="simbolo_1" src="http://sgfm.elcorteingles.es/SGFM/supermarket/tematicos/es/011_bajamos_precios.gif" border="0" alt="¡Hemos bajado los precios!"></img>&nbsp;
</td> 
<td headers="c3 r2">
<div class="antes" style="margin-left: 0.8em;height:1.3em; text-decoration: line-through;"></div>
<div class="compra_product">
<div class="precio_product" style="width:">
<p class="ahora"><span>
5,49 &euro;</span></p>
<div class="precio_kg clear"> (2,74 &euro; / Unidad)</div>
</div>
</td>
<td headers="c4 r2">
<input value="0110201415401890___" type="hidden" name="catalogRefId37" id="catalogRefId37"><input value=" " type="hidden" name="_D:catalogRefId37"><input value="0110201415401890___" type="hidden" name="giftListItemCatalogRefId37" id="giftListItemCatalogRefId37"><input value=" " type="hidden" name="_D:giftListItemCatalogRefId37"><input value="0110201415401890___" type="hidden" name="productId37" id="productId37"><input value=" " type="hidden" name="_D:productId37"><input value="0110201415401890___" type="hidden" name="giftListItemProductId37" id="giftListItemProductId37"><input value=" " type="hidden" name="_D:giftListItemProductId37"><input value="supermarket" type="hidden" name="/atg/commerce/order/purchase/CartModifierFormHandler.itemsAux[37].value.originCatalogue"><input value=" " type="hidden" name="_D:/atg/commerce/order/purchase/CartModifierFormHandler.itemsAux[37].value.originCatalogue"><input value="supermarket" type="hidden" name="/eci/supermarket/commerce/gifts/WishListsFormHandler.items[37].value.originCatalogue"><input value=" " type="hidden" name="_D:/eci/supermarket/commerce/gifts/WishListsFormHandler.items[37].value.originCatalogue"><input value="MIS_LISTAS" type="hidden" name="/atg/commerce/order/purchase/CartModifierFormHandler.itemsAux[37].value.boughtFrom"><input value=" " type="hidden" name="_D:/atg/commerce/order/purchase/CartModifierFormHandler.itemsAux[37].value.boughtFrom"><input value="MIS_LISTAS" type="hidden" name="/eci/supermarket/commerce/gifts/WishListsFormHandler.items[37].value.boughtFrom"><input value=" " type="hidden" name="_D:/eci/supermarket/commerce/gifts/WishListsFormHandler.items[37].value.boughtFrom"><input value="unit" type="hidden" name="saleType37" id="saleType37"><input value=" " type="hidden" name="_D:saleType37"><input value="unit" type="hidden" name="giftListItemSaleType37" id="giftListItemSaleType37"><input value=" " type="hidden" name="_D:giftListItemSaleType37"> <table>
<tr>
<td rowspan="2" style="border:none">
<div class="caja_cantidad_shopping_cart">
<input value="1" onkeyup="javascript:updateOnlyUnits(event, 37, false, 'Especifique la cantidad de producto');" maxlength="3" type="text" align="absMiddle" style="font-size: 110%; font-family: MS Shell Dlg; text-align: center;" size="3" name="quantity37" id="quantity37"><input value=" " type="hidden" name="_D:quantity37"> </div>
</td>
<input value="0" type="hidden" name="giftListItemQuantity37" id="giftListItemQuantity37"><input value=" " type="hidden" name="_D:giftListItemQuantity37"> <input type="hidden" id='quantity_h37' name='quantity_h37' value='1' />
<td rowspan="2" style="border:none"><img width="4" height="10" src="/hipercor/static/sm2/img/elementos/nada.gif" border="0"></img></td>
<td valign="bottom"><img width="13" height="9" style="cursor: pointer" onclick="incrementOnlyUnits(37, false);" src="/hipercor/static/sm2/img/productos/mas.gif" border="0"></img></td>
<td rowspan="2" style="border:none"><img width="5" height="10" src="/hipercor/static/sm2/img/elementos/nada.gif" border="0"></img></td>
</tr>
<tr>
<td valign="top"><img style="cursor: pointer; float:left;" onclick="decrementOnlyUnits(37, false);" src="/hipercor/static/sm2/img/productos/menos.gif" border="0"></img></td>
</tr>
</table>
<input type="hidden" name="preparationType" id="preparationType" value="" />
</td> 
<td headers="c6 r2">
<div class="product_anadir">
<input type="checkbox" id='0110201415401890____checkbox' name="0110201415401890____checkbox" value="0110201415401890___" checked="checked"/>
</div>
</td>
</tr>
<tr>
<input value="1" type="hidden" name="area38" id="area38"><input value=" " type="hidden" name="_D:area38"><input value="1" type="hidden" name="giftListItemArea38" id="giftListItemArea38"><input value=" " type="hidden" name="_D:giftListItemArea38"><input value="0110201422101202___" type="hidden" name="productId38" id="productId38"><input value=" " type="hidden" name="_D:productId38"><input value="ninguno" type="hidden" name="brokenStockPolicy38" id="brokenStockPolicy38"><input value=" " type="hidden" name="_D:brokenStockPolicy38"><input value="ninguno" type="hidden" name="giftListItemBrokenStockPolicy38" id="giftListItemBrokenStockPolicy38"><input value=" " type="hidden" name="_D:giftListItemBrokenStockPolicy38">
<td class="cart_product" headers="c1 r2">
<div class="cart_product_img">
<a href="#" title="" onclick="openOnlyUnitsPopup('gi19920016', 38, '0110201422101202___','MIS_LISTAS'); return false;">
<img src="http://sgfm.elcorteingles.es/SGFM/01/20/2/0201422101202/0201422101202000x01011.jpg" alt=""></img> </a>
</div>
<div class="cart_product_txt">
<h3>
<a href="#" title="" id="item38" onclick="openOnlyUnitsPopup('gi19920016', 38, '0110201422101202___','MIS_LISTAS'); return false;">
<span>ALIADA papel higiénico húmedo envase 100 unidades</span>
</a>
</h3>
<p class="clear txt_descuento">
</p>
</div>
</td> 
<td headers="c2 r2">
&nbsp;
</td> 
<td headers="c3 r2">
<div class="antes" style="margin-left: 0.8em;height:1.3em; text-decoration: line-through;"></div>
<div class="compra_product">
<div class="precio_product" style="width:">
<p class="ahora"><span>
1,95 &euro;</span></p>
<div class="precio_kg clear"> (0,02 &euro; / Unidad)</div>
</div>
</td>
<td headers="c4 r2">
<input value="0110201422101202___" type="hidden" name="catalogRefId38" id="catalogRefId38"><input value=" " type="hidden" name="_D:catalogRefId38"><input value="0110201422101202___" type="hidden" name="giftListItemCatalogRefId38" id="giftListItemCatalogRefId38"><input value=" " type="hidden" name="_D:giftListItemCatalogRefId38"><input value="0110201422101202___" type="hidden" name="productId38" id="productId38"><input value=" " type="hidden" name="_D:productId38"><input value="0110201422101202___" type="hidden" name="giftListItemProductId38" id="giftListItemProductId38"><input value=" " type="hidden" name="_D:giftListItemProductId38"><input value="supermarket" type="hidden" name="/atg/commerce/order/purchase/CartModifierFormHandler.itemsAux[38].value.originCatalogue"><input value=" " type="hidden" name="_D:/atg/commerce/order/purchase/CartModifierFormHandler.itemsAux[38].value.originCatalogue"><input value="supermarket" type="hidden" name="/eci/supermarket/commerce/gifts/WishListsFormHandler.items[38].value.originCatalogue"><input value=" " type="hidden" name="_D:/eci/supermarket/commerce/gifts/WishListsFormHandler.items[38].value.originCatalogue"><input value="MIS_LISTAS" type="hidden" name="/atg/commerce/order/purchase/CartModifierFormHandler.itemsAux[38].value.boughtFrom"><input value=" " type="hidden" name="_D:/atg/commerce/order/purchase/CartModifierFormHandler.itemsAux[38].value.boughtFrom"><input value="MIS_LISTAS" type="hidden" name="/eci/supermarket/commerce/gifts/WishListsFormHandler.items[38].value.boughtFrom"><input value=" " type="hidden" name="_D:/eci/supermarket/commerce/gifts/WishListsFormHandler.items[38].value.boughtFrom"><input value="unit" type="hidden" name="saleType38" id="saleType38"><input value=" " type="hidden" name="_D:saleType38"><input value="unit" type="hidden" name="giftListItemSaleType38" id="giftListItemSaleType38"><input value=" " type="hidden" name="_D:giftListItemSaleType38"> <table>
<tr>
<td rowspan="2" style="border:none">
<div class="caja_cantidad_shopping_cart">
<input value="1" onkeyup="javascript:updateOnlyUnits(event, 38, false, 'Especifique la cantidad de producto');" maxlength="3" type="text" align="absMiddle" style="font-size: 110%; font-family: MS Shell Dlg; text-align: center;" size="3" name="quantity38" id="quantity38"><input value=" " type="hidden" name="_D:quantity38"> </div>
</td>
<input value="0" type="hidden" name="giftListItemQuantity38" id="giftListItemQuantity38"><input value=" " type="hidden" name="_D:giftListItemQuantity38"> <input type="hidden" id='quantity_h38' name='quantity_h38' value='1' />
<td rowspan="2" style="border:none"><img width="4" height="10" src="/hipercor/static/sm2/img/elementos/nada.gif" border="0"></img></td>
<td valign="bottom"><img width="13" height="9" style="cursor: pointer" onclick="incrementOnlyUnits(38, false);" src="/hipercor/static/sm2/img/productos/mas.gif" border="0"></img></td>
<td rowspan="2" style="border:none"><img width="5" height="10" src="/hipercor/static/sm2/img/elementos/nada.gif" border="0"></img></td>
</tr>
<tr>
<td valign="top"><img style="cursor: pointer; float:left;" onclick="decrementOnlyUnits(38, false);" src="/hipercor/static/sm2/img/productos/menos.gif" border="0"></img></td>
</tr>
</table>
<input type="hidden" name="preparationType" id="preparationType" value="" />
</td> 
<td headers="c6 r2">
<div class="product_anadir">
<input type="checkbox" id='0110201422101202____checkbox' name="0110201422101202____checkbox" value="0110201422101202___" checked="checked"/>
</div>
</td>
</tr>
<tr>
<input value="1" type="hidden" name="area39" id="area39"><input value=" " type="hidden" name="_D:area39"><input value="1" type="hidden" name="giftListItemArea39" id="giftListItemArea39"><input value=" " type="hidden" name="_D:giftListItemArea39"><input value="0110201422101772___" type="hidden" name="productId39" id="productId39"><input value=" " type="hidden" name="_D:productId39"><input value="ninguno" type="hidden" name="brokenStockPolicy39" id="brokenStockPolicy39"><input value=" " type="hidden" name="_D:brokenStockPolicy39"><input value="ninguno" type="hidden" name="giftListItemBrokenStockPolicy39" id="giftListItemBrokenStockPolicy39"><input value=" " type="hidden" name="_D:giftListItemBrokenStockPolicy39">
<td class="cart_product" headers="c1 r2">
<div class="cart_product_img">
<a href="#" title="" onclick="openOnlyUnitsPopup('gi19920020', 39, '0110201422101772___','MIS_LISTAS'); return false;">
<img src="http://sgfm.elcorteingles.es/SGFM/01/77/2/0201422101772/0201422101772000x01011.jpg" alt=""></img> </a>
</div>
<div class="cart_product_txt">
<h3>
<a href="#" title="" id="item39" onclick="openOnlyUnitsPopup('gi19920020', 39, '0110201422101772___','MIS_LISTAS'); return false;">
<span>ALIADA papel higiénico blanco 4 capas muy resistente y suave paquete 8 rollos</span>
</a>
</h3>
<p class="clear txt_descuento">
</p>
</div>
</td> 
<td headers="c2 r2">
&nbsp;
</td> 
<td headers="c3 r2">
<div class="antes" style="margin-left: 0.8em;height:1.3em; text-decoration: line-through;"></div>
<div class="compra_product">
<div class="precio_product" style="width:">
<p class="ahora"><span>
2,7 &euro;</span></p>
<div class="precio_kg clear"> (0,34 &euro; / Unidad)</div>
</div>
</td>
<td headers="c4 r2">
<input value="0110201422101772___" type="hidden" name="catalogRefId39" id="catalogRefId39"><input value=" " type="hidden" name="_D:catalogRefId39"><input value="0110201422101772___" type="hidden" name="giftListItemCatalogRefId39" id="giftListItemCatalogRefId39"><input value=" " type="hidden" name="_D:giftListItemCatalogRefId39"><input value="0110201422101772___" type="hidden" name="productId39" id="productId39"><input value=" " type="hidden" name="_D:productId39"><input value="0110201422101772___" type="hidden" name="giftListItemProductId39" id="giftListItemProductId39"><input value=" " type="hidden" name="_D:giftListItemProductId39"><input value="" type="hidden" name="/atg/commerce/order/purchase/CartModifierFormHandler.itemsAux[39].value.originCatalogue"><input value=" " type="hidden" name="_D:/atg/commerce/order/purchase/CartModifierFormHandler.itemsAux[39].value.originCatalogue"><input value="" type="hidden" name="/eci/supermarket/commerce/gifts/WishListsFormHandler.items[39].value.originCatalogue"><input value=" " type="hidden" name="_D:/eci/supermarket/commerce/gifts/WishListsFormHandler.items[39].value.originCatalogue"><input value="MIS_LISTAS" type="hidden" name="/atg/commerce/order/purchase/CartModifierFormHandler.itemsAux[39].value.boughtFrom"><input value=" " type="hidden" name="_D:/atg/commerce/order/purchase/CartModifierFormHandler.itemsAux[39].value.boughtFrom"><input value="MIS_LISTAS" type="hidden" name="/eci/supermarket/commerce/gifts/WishListsFormHandler.items[39].value.boughtFrom"><input value=" " type="hidden" name="_D:/eci/supermarket/commerce/gifts/WishListsFormHandler.items[39].value.boughtFrom"><input value="unit" type="hidden" name="saleType39" id="saleType39"><input value=" " type="hidden" name="_D:saleType39"><input value="unit" type="hidden" name="giftListItemSaleType39" id="giftListItemSaleType39"><input value=" " type="hidden" name="_D:giftListItemSaleType39"> <table>
<tr>
<td rowspan="2" style="border:none">
<div class="caja_cantidad_shopping_cart">
<input value="1" onkeyup="javascript:updateOnlyUnits(event, 39, false, 'Especifique la cantidad de producto');" maxlength="3" type="text" align="absMiddle" style="font-size: 110%; font-family: MS Shell Dlg; text-align: center;" size="3" name="quantity39" id="quantity39"><input value=" " type="hidden" name="_D:quantity39"> </div>
</td>
<input value="0" type="hidden" name="giftListItemQuantity39" id="giftListItemQuantity39"><input value=" " type="hidden" name="_D:giftListItemQuantity39"> <input type="hidden" id='quantity_h39' name='quantity_h39' value='1' />
<td rowspan="2" style="border:none"><img width="4" height="10" src="/hipercor/static/sm2/img/elementos/nada.gif" border="0"></img></td>
<td valign="bottom"><img width="13" height="9" style="cursor: pointer" onclick="incrementOnlyUnits(39, false);" src="/hipercor/static/sm2/img/productos/mas.gif" border="0"></img></td>
<td rowspan="2" style="border:none"><img width="5" height="10" src="/hipercor/static/sm2/img/elementos/nada.gif" border="0"></img></td>
</tr>
<tr>
<td valign="top"><img style="cursor: pointer; float:left;" onclick="decrementOnlyUnits(39, false);" src="/hipercor/static/sm2/img/productos/menos.gif" border="0"></img></td>
</tr>
</table>
<input type="hidden" name="preparationType" id="preparationType" value="" />
</td> 
<td headers="c6 r2">
<div class="product_anadir">
<input type="checkbox" id='0110201422101772____checkbox' name="0110201422101772____checkbox" value="0110201422101772___" checked="checked"/>
</div>
</td>
</tr>
<tr>
<input value="1" type="hidden" name="area40" id="area40"><input value=" " type="hidden" name="_D:area40"><input value="1" type="hidden" name="giftListItemArea40" id="giftListItemArea40"><input value=" " type="hidden" name="_D:giftListItemArea40"><input value="0110201422200863___" type="hidden" name="productId40" id="productId40"><input value=" " type="hidden" name="_D:productId40"><input value="ninguno" type="hidden" name="brokenStockPolicy40" id="brokenStockPolicy40"><input value=" " type="hidden" name="_D:brokenStockPolicy40"><input value="ninguno" type="hidden" name="giftListItemBrokenStockPolicy40" id="giftListItemBrokenStockPolicy40"><input value=" " type="hidden" name="_D:giftListItemBrokenStockPolicy40">
<td class="cart_product" headers="c1 r2">
<div class="cart_product_img">
<a href="#" title="" onclick="openOnlyUnitsPopup('gi19920031', 40, '0110201422200863___','MIS_LISTAS'); return false;">
<img src="http://sgfm.elcorteingles.es/SGFM/00/86/3/0201422200863/0201422200863000x01011.jpg" alt=""></img> </a>
</div>
<div class="cart_product_txt">
<h3>
<a href="#" title="" id="item40" onclick="openOnlyUnitsPopup('gi19920031', 40, '0110201422200863___','MIS_LISTAS'); return false;">
<span>ALIADA rollos de cocina blanco compacto 2 capas muy absorbente paquete 3 rollos</span>
</a>
</h3>
<p class="clear txt_descuento">
</p>
</div>
</td> 
<td headers="c2 r2">
&nbsp;
</td> 
<td headers="c3 r2">
<div class="antes" style="margin-left: 0.8em;height:1.3em; text-decoration: line-through;"></div>
<div class="compra_product">
<div class="precio_product" style="width:">
<p class="ahora"><span>
1,85 &euro;</span></p>
<div class="precio_kg clear"> (0,62 &euro; / Unidad)</div>
</div>
</td>
<td headers="c4 r2">
<input value="0110201422200863___" type="hidden" name="catalogRefId40" id="catalogRefId40"><input value=" " type="hidden" name="_D:catalogRefId40"><input value="0110201422200863___" type="hidden" name="giftListItemCatalogRefId40" id="giftListItemCatalogRefId40"><input value=" " type="hidden" name="_D:giftListItemCatalogRefId40"><input value="0110201422200863___" type="hidden" name="productId40" id="productId40"><input value=" " type="hidden" name="_D:productId40"><input value="0110201422200863___" type="hidden" name="giftListItemProductId40" id="giftListItemProductId40"><input value=" " type="hidden" name="_D:giftListItemProductId40"><input value="supermarket" type="hidden" name="/atg/commerce/order/purchase/CartModifierFormHandler.itemsAux[40].value.originCatalogue"><input value=" " type="hidden" name="_D:/atg/commerce/order/purchase/CartModifierFormHandler.itemsAux[40].value.originCatalogue"><input value="supermarket" type="hidden" name="/eci/supermarket/commerce/gifts/WishListsFormHandler.items[40].value.originCatalogue"><input value=" " type="hidden" name="_D:/eci/supermarket/commerce/gifts/WishListsFormHandler.items[40].value.originCatalogue"><input value="MIS_LISTAS" type="hidden" name="/atg/commerce/order/purchase/CartModifierFormHandler.itemsAux[40].value.boughtFrom"><input value=" " type="hidden" name="_D:/atg/commerce/order/purchase/CartModifierFormHandler.itemsAux[40].value.boughtFrom"><input value="MIS_LISTAS" type="hidden" name="/eci/supermarket/commerce/gifts/WishListsFormHandler.items[40].value.boughtFrom"><input value=" " type="hidden" name="_D:/eci/supermarket/commerce/gifts/WishListsFormHandler.items[40].value.boughtFrom"><input value="unit" type="hidden" name="saleType40" id="saleType40"><input value=" " type="hidden" name="_D:saleType40"><input value="unit" type="hidden" name="giftListItemSaleType40" id="giftListItemSaleType40"><input value=" " type="hidden" name="_D:giftListItemSaleType40"> <table>
<tr>
<td rowspan="2" style="border:none">
<div class="caja_cantidad_shopping_cart">
<input value="1" onkeyup="javascript:updateOnlyUnits(event, 40, false, 'Especifique la cantidad de producto');" maxlength="3" type="text" align="absMiddle" style="font-size: 110%; font-family: MS Shell Dlg; text-align: center;" size="3" name="quantity40" id="quantity40"><input value=" " type="hidden" name="_D:quantity40"> </div>
</td>
<input value="0" type="hidden" name="giftListItemQuantity40" id="giftListItemQuantity40"><input value=" " type="hidden" name="_D:giftListItemQuantity40"> <input type="hidden" id='quantity_h40' name='quantity_h40' value='1' />
<td rowspan="2" style="border:none"><img width="4" height="10" src="/hipercor/static/sm2/img/elementos/nada.gif" border="0"></img></td>
<td valign="bottom"><img width="13" height="9" style="cursor: pointer" onclick="incrementOnlyUnits(40, false);" src="/hipercor/static/sm2/img/productos/mas.gif" border="0"></img></td>
<td rowspan="2" style="border:none"><img width="5" height="10" src="/hipercor/static/sm2/img/elementos/nada.gif" border="0"></img></td>
</tr>
<tr>
<td valign="top"><img style="cursor: pointer; float:left;" onclick="decrementOnlyUnits(40, false);" src="/hipercor/static/sm2/img/productos/menos.gif" border="0"></img></td>
</tr>
</table>
<input type="hidden" name="preparationType" id="preparationType" value="" />
</td> 
<td headers="c6 r2">
<div class="product_anadir">
<input type="checkbox" id='0110201422200863____checkbox' name="0110201422200863____checkbox" value="0110201422200863___" checked="checked"/>
</div>
</td>
</tr>
<tr>
<input value="1" type="hidden" name="area41" id="area41"><input value=" " type="hidden" name="_D:area41"><input value="1" type="hidden" name="giftListItemArea41" id="giftListItemArea41"><input value=" " type="hidden" name="_D:giftListItemArea41"><input value="0110201422304178___" type="hidden" name="productId41" id="productId41"><input value=" " type="hidden" name="_D:productId41"><input value="ninguno" type="hidden" name="brokenStockPolicy41" id="brokenStockPolicy41"><input value=" " type="hidden" name="_D:brokenStockPolicy41"><input value="ninguno" type="hidden" name="giftListItemBrokenStockPolicy41" id="giftListItemBrokenStockPolicy41"><input value=" " type="hidden" name="_D:giftListItemBrokenStockPolicy41">
<td class="cart_product" headers="c1 r2">
<div class="cart_product_img">
<a href="#" title="" onclick="openOnlyUnitsPopup('gi19920034', 41, '0110201422304178___','MIS_LISTAS'); return false;">
<img src="http://sgfm.elcorteingles.es/SGFM/04/17/8/0201422304178/0201422304178000x01011.jpg" alt=""></img> </a>
</div>
<div class="cart_product_txt">
<h3>
<a href="#" title="" id="item41" onclick="openOnlyUnitsPopup('gi19920034', 41, '0110201422304178___','MIS_LISTAS'); return false;">
<span>ALIADA servilletas blancas 3 capas 33x33 paquete 50 unidades</span>
</a>
</h3>
<p class="clear txt_descuento">
</p>
</div>
</td> 
<td headers="c2 r2">
&nbsp;
</td> 
<td headers="c3 r2">
<div class="antes" style="margin-left: 0.8em;height:1.3em; text-decoration: line-through;"></div>
<div class="compra_product">
<div class="precio_product" style="width:">
<p class="ahora"><span>
1,05 &euro;</span></p>
<div class="precio_kg clear"> (0,02 &euro; / Unidad)</div>
</div>
</td>
<td headers="c4 r2">
<input value="0110201422304178___" type="hidden" name="catalogRefId41" id="catalogRefId41"><input value=" " type="hidden" name="_D:catalogRefId41"><input value="0110201422304178___" type="hidden" name="giftListItemCatalogRefId41" id="giftListItemCatalogRefId41"><input value=" " type="hidden" name="_D:giftListItemCatalogRefId41"><input value="0110201422304178___" type="hidden" name="productId41" id="productId41"><input value=" " type="hidden" name="_D:productId41"><input value="0110201422304178___" type="hidden" name="giftListItemProductId41" id="giftListItemProductId41"><input value=" " type="hidden" name="_D:giftListItemProductId41"><input value="supermarket" type="hidden" name="/atg/commerce/order/purchase/CartModifierFormHandler.itemsAux[41].value.originCatalogue"><input value=" " type="hidden" name="_D:/atg/commerce/order/purchase/CartModifierFormHandler.itemsAux[41].value.originCatalogue"><input value="supermarket" type="hidden" name="/eci/supermarket/commerce/gifts/WishListsFormHandler.items[41].value.originCatalogue"><input value=" " type="hidden" name="_D:/eci/supermarket/commerce/gifts/WishListsFormHandler.items[41].value.originCatalogue"><input value="MIS_LISTAS" type="hidden" name="/atg/commerce/order/purchase/CartModifierFormHandler.itemsAux[41].value.boughtFrom"><input value=" " type="hidden" name="_D:/atg/commerce/order/purchase/CartModifierFormHandler.itemsAux[41].value.boughtFrom"><input value="MIS_LISTAS" type="hidden" name="/eci/supermarket/commerce/gifts/WishListsFormHandler.items[41].value.boughtFrom"><input value=" " type="hidden" name="_D:/eci/supermarket/commerce/gifts/WishListsFormHandler.items[41].value.boughtFrom"><input value="unit" type="hidden" name="saleType41" id="saleType41"><input value=" " type="hidden" name="_D:saleType41"><input value="unit" type="hidden" name="giftListItemSaleType41" id="giftListItemSaleType41"><input value=" " type="hidden" name="_D:giftListItemSaleType41"> <table>
<tr>
<td rowspan="2" style="border:none">
<div class="caja_cantidad_shopping_cart">
<input value="1" onkeyup="javascript:updateOnlyUnits(event, 41, false, 'Especifique la cantidad de producto');" maxlength="3" type="text" align="absMiddle" style="font-size: 110%; font-family: MS Shell Dlg; text-align: center;" size="3" name="quantity41" id="quantity41"><input value=" " type="hidden" name="_D:quantity41"> </div>
</td>
<input value="0" type="hidden" name="giftListItemQuantity41" id="giftListItemQuantity41"><input value=" " type="hidden" name="_D:giftListItemQuantity41"> <input type="hidden" id='quantity_h41' name='quantity_h41' value='1' />
<td rowspan="2" style="border:none"><img width="4" height="10" src="/hipercor/static/sm2/img/elementos/nada.gif" border="0"></img></td>
<td valign="bottom"><img width="13" height="9" style="cursor: pointer" onclick="incrementOnlyUnits(41, false);" src="/hipercor/static/sm2/img/productos/mas.gif" border="0"></img></td>
<td rowspan="2" style="border:none"><img width="5" height="10" src="/hipercor/static/sm2/img/elementos/nada.gif" border="0"></img></td>
</tr>
<tr>
<td valign="top"><img style="cursor: pointer; float:left;" onclick="decrementOnlyUnits(41, false);" src="/hipercor/static/sm2/img/productos/menos.gif" border="0"></img></td>
</tr>
</table>
<input type="hidden" name="preparationType" id="preparationType" value="" />
</td> 
<td headers="c6 r2">
<div class="product_anadir">
<input type="checkbox" id='0110201422304178____checkbox' name="0110201422304178____checkbox" value="0110201422304178___" checked="checked"/>
</div>
</td>
</tr>
<tr>
<input value="1" type="hidden" name="area42" id="area42"><input value=" " type="hidden" name="_D:area42"><input value="1" type="hidden" name="giftListItemArea42" id="giftListItemArea42"><input value=" " type="hidden" name="_D:giftListItemArea42"><input value="0110201410303158___" type="hidden" name="productId42" id="productId42"><input value=" " type="hidden" name="_D:productId42"><input value="ninguno" type="hidden" name="brokenStockPolicy42" id="brokenStockPolicy42"><input value=" " type="hidden" name="_D:brokenStockPolicy42"><input value="ninguno" type="hidden" name="giftListItemBrokenStockPolicy42" id="giftListItemBrokenStockPolicy42"><input value=" " type="hidden" name="_D:giftListItemBrokenStockPolicy42">
<td class="cart_product" headers="c1 r2">
<div class="cart_product_img">
<a href="#" title="" onclick="openOnlyUnitsPopup('gi21103619', 42, '0110201410303158___','MIS_LISTAS'); return false;">
<img src="http://sgfm.elcorteingles.es/SGFM/03/15/8/0201410303158/0201410303158000x01011.jpg" alt=""></img> </a>
</div>
<div class="cart_product_txt">
<h3>
<a href="#" title="" id="item42" onclick="openOnlyUnitsPopup('gi21103619', 42, '0110201410303158___','MIS_LISTAS'); return false;">
<span>MICOLOR detergente máquina líquido Fresh con neutrelín botella 18 dosis</span>
</a>
</h3>
<p class="clear txt_descuento">
</p>
</div>
</td> 
<td headers="c2 r2">
&nbsp;
</td> 
<td headers="c3 r2">
<div class="antes" style="margin-left: 0.8em;height:1.3em; text-decoration: line-through;"></div>
<div class="compra_product">
<div class="precio_product" style="width:">
<p class="ahora"><span>
4,4 &euro;</span></p>
<div class="precio_kg clear"> (0,24 &euro; / Dosis)</div>
</div>
</td>
<td headers="c4 r2">
<input value="0110201410303158___" type="hidden" name="catalogRefId42" id="catalogRefId42"><input value=" " type="hidden" name="_D:catalogRefId42"><input value="0110201410303158___" type="hidden" name="giftListItemCatalogRefId42" id="giftListItemCatalogRefId42"><input value=" " type="hidden" name="_D:giftListItemCatalogRefId42"><input value="0110201410303158___" type="hidden" name="productId42" id="productId42"><input value=" " type="hidden" name="_D:productId42"><input value="0110201410303158___" type="hidden" name="giftListItemProductId42" id="giftListItemProductId42"><input value=" " type="hidden" name="_D:giftListItemProductId42"><input value="supermarket" type="hidden" name="/atg/commerce/order/purchase/CartModifierFormHandler.itemsAux[42].value.originCatalogue"><input value=" " type="hidden" name="_D:/atg/commerce/order/purchase/CartModifierFormHandler.itemsAux[42].value.originCatalogue"><input value="supermarket" type="hidden" name="/eci/supermarket/commerce/gifts/WishListsFormHandler.items[42].value.originCatalogue"><input value=" " type="hidden" name="_D:/eci/supermarket/commerce/gifts/WishListsFormHandler.items[42].value.originCatalogue"><input value="MIS_LISTAS" type="hidden" name="/atg/commerce/order/purchase/CartModifierFormHandler.itemsAux[42].value.boughtFrom"><input value=" " type="hidden" name="_D:/atg/commerce/order/purchase/CartModifierFormHandler.itemsAux[42].value.boughtFrom"><input value="MIS_LISTAS" type="hidden" name="/eci/supermarket/commerce/gifts/WishListsFormHandler.items[42].value.boughtFrom"><input value=" " type="hidden" name="_D:/eci/supermarket/commerce/gifts/WishListsFormHandler.items[42].value.boughtFrom"><input value="unit" type="hidden" name="saleType42" id="saleType42"><input value=" " type="hidden" name="_D:saleType42"><input value="unit" type="hidden" name="giftListItemSaleType42" id="giftListItemSaleType42"><input value=" " type="hidden" name="_D:giftListItemSaleType42"> <table>
<tr>
<td rowspan="2" style="border:none">
<div class="caja_cantidad_shopping_cart">
<input value="1" onkeyup="javascript:updateOnlyUnits(event, 42, false, 'Especifique la cantidad de producto');" maxlength="3" type="text" align="absMiddle" style="font-size: 110%; font-family: MS Shell Dlg; text-align: center;" size="3" name="quantity42" id="quantity42"><input value=" " type="hidden" name="_D:quantity42"> </div>
</td>
<input value="0" type="hidden" name="giftListItemQuantity42" id="giftListItemQuantity42"><input value=" " type="hidden" name="_D:giftListItemQuantity42"> <input type="hidden" id='quantity_h42' name='quantity_h42' value='1' />
<td rowspan="2" style="border:none"><img width="4" height="10" src="/hipercor/static/sm2/img/elementos/nada.gif" border="0"></img></td>
<td valign="bottom"><img width="13" height="9" style="cursor: pointer" onclick="incrementOnlyUnits(42, false);" src="/hipercor/static/sm2/img/productos/mas.gif" border="0"></img></td>
<td rowspan="2" style="border:none"><img width="5" height="10" src="/hipercor/static/sm2/img/elementos/nada.gif" border="0"></img></td>
</tr>
<tr>
<td valign="top"><img style="cursor: pointer; float:left;" onclick="decrementOnlyUnits(42, false);" src="/hipercor/static/sm2/img/productos/menos.gif" border="0"></img></td>
</tr>
</table>
<input type="hidden" name="preparationType" id="preparationType" value="" />
</td> 
<td headers="c6 r2">
<div class="product_anadir">
<input type="checkbox" id='0110201410303158____checkbox' name="0110201410303158____checkbox" value="0110201410303158___" checked="checked"/>
</div>
</td>
</tr>
<tr>
<input value="1" type="hidden" name="area43" id="area43"><input value=" " type="hidden" name="_D:area43"><input value="1" type="hidden" name="giftListItemArea43" id="giftListItemArea43"><input value=" " type="hidden" name="_D:giftListItemArea43"><input value="0110201410303885___" type="hidden" name="productId43" id="productId43"><input value=" " type="hidden" name="_D:productId43"><input value="ninguno" type="hidden" name="brokenStockPolicy43" id="brokenStockPolicy43"><input value=" " type="hidden" name="_D:brokenStockPolicy43"><input value="ninguno" type="hidden" name="giftListItemBrokenStockPolicy43" id="giftListItemBrokenStockPolicy43"><input value=" " type="hidden" name="_D:giftListItemBrokenStockPolicy43">
<td class="cart_product" headers="c1 r2">
<div class="cart_product_img">
<a href="#" title="" onclick="openOnlyUnitsPopup('gi21103620', 43, '0110201410303885___','MIS_LISTAS'); return false;">
<img src="http://sgfm.elcorteingles.es/SGFM/03/88/5/0201410303885/0201410303885000x01011.jpg" alt=""></img> </a>
</div>
<div class="cart_product_txt">
<h3>
<a href="#" title="" id="item43" onclick="openOnlyUnitsPopup('gi21103620', 43, '0110201410303885___','MIS_LISTAS'); return false;">
<span>ARIEL detergente máquina líquido con actilift concentrado botella 63 dosis</span>
</a>
</h3>
<p class="clear txt_descuento">
</p>
</div>
</td> 
<td headers="c2 r2">
&nbsp;
</td> 
<td headers="c3 r2">
<div class="antes" style="margin-left: 0.8em;height:1.3em; text-decoration: line-through;"></div>
<div class="compra_product">
<div class="precio_product" style="width:">
<p class="ahora"><span>
19,95 &euro;</span></p>
<div class="precio_kg clear"> (0,32 &euro; / Dosis)</div>
</div>
</td>
<td headers="c4 r2">
<input value="0110201410303885___" type="hidden" name="catalogRefId43" id="catalogRefId43"><input value=" " type="hidden" name="_D:catalogRefId43"><input value="0110201410303885___" type="hidden" name="giftListItemCatalogRefId43" id="giftListItemCatalogRefId43"><input value=" " type="hidden" name="_D:giftListItemCatalogRefId43"><input value="0110201410303885___" type="hidden" name="productId43" id="productId43"><input value=" " type="hidden" name="_D:productId43"><input value="0110201410303885___" type="hidden" name="giftListItemProductId43" id="giftListItemProductId43"><input value=" " type="hidden" name="_D:giftListItemProductId43"><input value="supermarket" type="hidden" name="/atg/commerce/order/purchase/CartModifierFormHandler.itemsAux[43].value.originCatalogue"><input value=" " type="hidden" name="_D:/atg/commerce/order/purchase/CartModifierFormHandler.itemsAux[43].value.originCatalogue"><input value="supermarket" type="hidden" name="/eci/supermarket/commerce/gifts/WishListsFormHandler.items[43].value.originCatalogue"><input value=" " type="hidden" name="_D:/eci/supermarket/commerce/gifts/WishListsFormHandler.items[43].value.originCatalogue"><input value="MIS_LISTAS" type="hidden" name="/atg/commerce/order/purchase/CartModifierFormHandler.itemsAux[43].value.boughtFrom"><input value=" " type="hidden" name="_D:/atg/commerce/order/purchase/CartModifierFormHandler.itemsAux[43].value.boughtFrom"><input value="MIS_LISTAS" type="hidden" name="/eci/supermarket/commerce/gifts/WishListsFormHandler.items[43].value.boughtFrom"><input value=" " type="hidden" name="_D:/eci/supermarket/commerce/gifts/WishListsFormHandler.items[43].value.boughtFrom"><input value="unit" type="hidden" name="saleType43" id="saleType43"><input value=" " type="hidden" name="_D:saleType43"><input value="unit" type="hidden" name="giftListItemSaleType43" id="giftListItemSaleType43"><input value=" " type="hidden" name="_D:giftListItemSaleType43"> <table>
<tr>
<td rowspan="2" style="border:none">
<div class="caja_cantidad_shopping_cart">
<input value="1" onkeyup="javascript:updateOnlyUnits(event, 43, false, 'Especifique la cantidad de producto');" maxlength="3" type="text" align="absMiddle" style="font-size: 110%; font-family: MS Shell Dlg; text-align: center;" size="3" name="quantity43" id="quantity43"><input value=" " type="hidden" name="_D:quantity43"> </div>
</td>
<input value="0" type="hidden" name="giftListItemQuantity43" id="giftListItemQuantity43"><input value=" " type="hidden" name="_D:giftListItemQuantity43"> <input type="hidden" id='quantity_h43' name='quantity_h43' value='1' />
<td rowspan="2" style="border:none"><img width="4" height="10" src="/hipercor/static/sm2/img/elementos/nada.gif" border="0"></img></td>
<td valign="bottom"><img width="13" height="9" style="cursor: pointer" onclick="incrementOnlyUnits(43, false);" src="/hipercor/static/sm2/img/productos/mas.gif" border="0"></img></td>
<td rowspan="2" style="border:none"><img width="5" height="10" src="/hipercor/static/sm2/img/elementos/nada.gif" border="0"></img></td>
</tr>
<tr>
<td valign="top"><img style="cursor: pointer; float:left;" onclick="decrementOnlyUnits(43, false);" src="/hipercor/static/sm2/img/productos/menos.gif" border="0"></img></td>
</tr>
</table>
<input type="hidden" name="preparationType" id="preparationType" value="" />
</td> 
<td headers="c6 r2">
<div class="product_anadir">
<input type="checkbox" id='0110201410303885____checkbox' name="0110201410303885____checkbox" value="0110201410303885___" checked="checked"/>
</div>
</td>
</tr>
<tr class="fila_categoria">
<th class="tit_categoria" id="r2" colspan="5"><h2> Ferretería y bricolaje</h2></th>
</tr>
<tr>
<input value="1" type="hidden" name="area44" id="area44"><input value=" " type="hidden" name="_D:area44"><input value="1" type="hidden" name="giftListItemArea44" id="giftListItemArea44"><input value=" " type="hidden" name="_D:giftListItemArea44"><input value="0110202310200619___" type="hidden" name="productId44" id="productId44"><input value=" " type="hidden" name="_D:productId44"><input value="ninguno" type="hidden" name="brokenStockPolicy44" id="brokenStockPolicy44"><input value=" " type="hidden" name="_D:brokenStockPolicy44"><input value="ninguno" type="hidden" name="giftListItemBrokenStockPolicy44" id="giftListItemBrokenStockPolicy44"><input value=" " type="hidden" name="_D:giftListItemBrokenStockPolicy44">
<td class="cart_product" headers="c1 r2">
<div class="cart_product_img">
<a href="#" title="" onclick="openOnlyUnitsPopup('gi19920058', 44, '0110202310200619___','MIS_LISTAS'); return false;">
<img src="http://sgfm.elcorteingles.es/SGFM/00/61/9/0202310200619/0202310200619000x01011.jpg" alt=""></img> </a>
</div>
<div class="cart_product_txt">
<h3>
<a href="#" title="" id="item44" onclick="openOnlyUnitsPopup('gi19920058', 44, '0110202310200619___','MIS_LISTAS'); return false;">
<span>HIPERCOR HR03 AAA pilas recargables Power Max súper alcalina blister 2 unidades</span>
</a>
</h3>
<p class="clear txt_descuento">
</p>
</div>
</td> 
<td headers="c2 r2">
&nbsp;
</td> 
<td headers="c3 r2">
<div class="antes" style="margin-left: 0.8em;height:1.3em; text-decoration: line-through;"></div>
<div class="compra_product">
<div class="precio_product" style="width:">
<p class="ahora"><span>
6,6 &euro;</span></p>
</div>
</td>
<td headers="c4 r2">
<input value="0110202310200619___" type="hidden" name="catalogRefId44" id="catalogRefId44"><input value=" " type="hidden" name="_D:catalogRefId44"><input value="0110202310200619___" type="hidden" name="giftListItemCatalogRefId44" id="giftListItemCatalogRefId44"><input value=" " type="hidden" name="_D:giftListItemCatalogRefId44"><input value="0110202310200619___" type="hidden" name="productId44" id="productId44"><input value=" " type="hidden" name="_D:productId44"><input value="0110202310200619___" type="hidden" name="giftListItemProductId44" id="giftListItemProductId44"><input value=" " type="hidden" name="_D:giftListItemProductId44"><input value="supermarket" type="hidden" name="/atg/commerce/order/purchase/CartModifierFormHandler.itemsAux[44].value.originCatalogue"><input value=" " type="hidden" name="_D:/atg/commerce/order/purchase/CartModifierFormHandler.itemsAux[44].value.originCatalogue"><input value="supermarket" type="hidden" name="/eci/supermarket/commerce/gifts/WishListsFormHandler.items[44].value.originCatalogue"><input value=" " type="hidden" name="_D:/eci/supermarket/commerce/gifts/WishListsFormHandler.items[44].value.originCatalogue"><input value="MIS_LISTAS" type="hidden" name="/atg/commerce/order/purchase/CartModifierFormHandler.itemsAux[44].value.boughtFrom"><input value=" " type="hidden" name="_D:/atg/commerce/order/purchase/CartModifierFormHandler.itemsAux[44].value.boughtFrom"><input value="MIS_LISTAS" type="hidden" name="/eci/supermarket/commerce/gifts/WishListsFormHandler.items[44].value.boughtFrom"><input value=" " type="hidden" name="_D:/eci/supermarket/commerce/gifts/WishListsFormHandler.items[44].value.boughtFrom"><input value="unit" type="hidden" name="saleType44" id="saleType44"><input value=" " type="hidden" name="_D:saleType44"><input value="unit" type="hidden" name="giftListItemSaleType44" id="giftListItemSaleType44"><input value=" " type="hidden" name="_D:giftListItemSaleType44"> <table>
<tr>
<td rowspan="2" style="border:none">
<div class="caja_cantidad_shopping_cart">
<input value="1" onkeyup="javascript:updateOnlyUnits(event, 44, false, 'Especifique la cantidad de producto');" maxlength="3" type="text" align="absMiddle" style="font-size: 110%; font-family: MS Shell Dlg; text-align: center;" size="3" name="quantity44" id="quantity44"><input value=" " type="hidden" name="_D:quantity44"> </div>
</td>
<input value="0" type="hidden" name="giftListItemQuantity44" id="giftListItemQuantity44"><input value=" " type="hidden" name="_D:giftListItemQuantity44"> <input type="hidden" id='quantity_h44' name='quantity_h44' value='1' />
<td rowspan="2" style="border:none"><img width="4" height="10" src="/hipercor/static/sm2/img/elementos/nada.gif" border="0"></img></td>
<td valign="bottom"><img width="13" height="9" style="cursor: pointer" onclick="incrementOnlyUnits(44, false);" src="/hipercor/static/sm2/img/productos/mas.gif" border="0"></img></td>
<td rowspan="2" style="border:none"><img width="5" height="10" src="/hipercor/static/sm2/img/elementos/nada.gif" border="0"></img></td>
</tr>
<tr>
<td valign="top"><img style="cursor: pointer; float:left;" onclick="decrementOnlyUnits(44, false);" src="/hipercor/static/sm2/img/productos/menos.gif" border="0"></img></td>
</tr>
</table>
<input type="hidden" name="preparationType" id="preparationType" value="" />
</td> 
<td headers="c6 r2">
<div class="product_anadir">
<input type="checkbox" id='0110202310200619____checkbox' name="0110202310200619____checkbox" value="0110202310200619___" checked="checked"/>
</div>
</td>
</tr>
<tr>
<input value="1" type="hidden" name="area45" id="area45"><input value=" " type="hidden" name="_D:area45"><input value="1" type="hidden" name="giftListItemArea45" id="giftListItemArea45"><input value=" " type="hidden" name="_D:giftListItemArea45"><input value="0110202310200601___" type="hidden" name="productId45" id="productId45"><input value=" " type="hidden" name="_D:productId45"><input value="ninguno" type="hidden" name="brokenStockPolicy45" id="brokenStockPolicy45"><input value=" " type="hidden" name="_D:brokenStockPolicy45"><input value="ninguno" type="hidden" name="giftListItemBrokenStockPolicy45" id="giftListItemBrokenStockPolicy45"><input value=" " type="hidden" name="_D:giftListItemBrokenStockPolicy45">
<td class="cart_product" headers="c1 r2">
<div class="cart_product_img">
<a href="#" title="" onclick="openOnlyUnitsPopup('gi19920059', 45, '0110202310200601___','MIS_LISTAS'); return false;">
<img src="http://sgfm.elcorteingles.es/SGFM/00/60/1/0202310200601/0202310200601000x01011.jpg" alt=""></img> </a>
</div>
<div class="cart_product_txt">
<h3>
<a href="#" title="" id="item45" onclick="openOnlyUnitsPopup('gi19920059', 45, '0110202310200601___','MIS_LISTAS'); return false;">
<span>HIPERCOR HR6 AA pilas recargables Power Max súper alcalina blister 2 unidades</span>
</a>
</h3>
<p class="clear txt_descuento">
</p>
</div>
</td> 
<td headers="c2 r2">
&nbsp;
</td> 
<td headers="c3 r2">
<div class="antes" style="margin-left: 0.8em;height:1.3em; text-decoration: line-through;"></div>
<div class="compra_product">
<div class="precio_product" style="width:">
<p class="ahora"><span>
6,6 &euro;</span></p>
</div>
</td>
<td headers="c4 r2">
<input value="0110202310200601___" type="hidden" name="catalogRefId45" id="catalogRefId45"><input value=" " type="hidden" name="_D:catalogRefId45"><input value="0110202310200601___" type="hidden" name="giftListItemCatalogRefId45" id="giftListItemCatalogRefId45"><input value=" " type="hidden" name="_D:giftListItemCatalogRefId45"><input value="0110202310200601___" type="hidden" name="productId45" id="productId45"><input value=" " type="hidden" name="_D:productId45"><input value="0110202310200601___" type="hidden" name="giftListItemProductId45" id="giftListItemProductId45"><input value=" " type="hidden" name="_D:giftListItemProductId45"><input value="supermarket" type="hidden" name="/atg/commerce/order/purchase/CartModifierFormHandler.itemsAux[45].value.originCatalogue"><input value=" " type="hidden" name="_D:/atg/commerce/order/purchase/CartModifierFormHandler.itemsAux[45].value.originCatalogue"><input value="supermarket" type="hidden" name="/eci/supermarket/commerce/gifts/WishListsFormHandler.items[45].value.originCatalogue"><input value=" " type="hidden" name="_D:/eci/supermarket/commerce/gifts/WishListsFormHandler.items[45].value.originCatalogue"><input value="MIS_LISTAS" type="hidden" name="/atg/commerce/order/purchase/CartModifierFormHandler.itemsAux[45].value.boughtFrom"><input value=" " type="hidden" name="_D:/atg/commerce/order/purchase/CartModifierFormHandler.itemsAux[45].value.boughtFrom"><input value="MIS_LISTAS" type="hidden" name="/eci/supermarket/commerce/gifts/WishListsFormHandler.items[45].value.boughtFrom"><input value=" " type="hidden" name="_D:/eci/supermarket/commerce/gifts/WishListsFormHandler.items[45].value.boughtFrom"><input value="unit" type="hidden" name="saleType45" id="saleType45"><input value=" " type="hidden" name="_D:saleType45"><input value="unit" type="hidden" name="giftListItemSaleType45" id="giftListItemSaleType45"><input value=" " type="hidden" name="_D:giftListItemSaleType45"> <table>
<tr>
<td rowspan="2" style="border:none">
<div class="caja_cantidad_shopping_cart">
<input value="1" onkeyup="javascript:updateOnlyUnits(event, 45, false, 'Especifique la cantidad de producto');" maxlength="3" type="text" align="absMiddle" style="font-size: 110%; font-family: MS Shell Dlg; text-align: center;" size="3" name="quantity45" id="quantity45"><input value=" " type="hidden" name="_D:quantity45"> </div>
</td>
<input value="0" type="hidden" name="giftListItemQuantity45" id="giftListItemQuantity45"><input value=" " type="hidden" name="_D:giftListItemQuantity45"> <input type="hidden" id='quantity_h45' name='quantity_h45' value='1' />
<td rowspan="2" style="border:none"><img width="4" height="10" src="/hipercor/static/sm2/img/elementos/nada.gif" border="0"></img></td>
<td valign="bottom"><img width="13" height="9" style="cursor: pointer" onclick="incrementOnlyUnits(45, false);" src="/hipercor/static/sm2/img/productos/mas.gif" border="0"></img></td>
<td rowspan="2" style="border:none"><img width="5" height="10" src="/hipercor/static/sm2/img/elementos/nada.gif" border="0"></img></td>
</tr>
<tr>
<td valign="top"><img style="cursor: pointer; float:left;" onclick="decrementOnlyUnits(45, false);" src="/hipercor/static/sm2/img/productos/menos.gif" border="0"></img></td>
</tr>
</table>
<input type="hidden" name="preparationType" id="preparationType" value="" />
</td> 
<td headers="c6 r2">
<div class="product_anadir">
<input type="checkbox" id='0110202310200601____checkbox' name="0110202310200601____checkbox" value="0110202310200601___" checked="checked"/>
</div>
</td>
</tr>
<tr class="fila_categoria">
<th class="tit_categoria" id="r2" colspan="5"><h2> Frutas y verduras</h2></th>
</tr>
<tr>
<input value="1" type="hidden" name="area46" id="area46"><input value=" " type="hidden" name="_D:area46"><input value="1" type="hidden" name="giftListItemArea46" id="giftListItemArea46"><input value=" " type="hidden" name="_D:giftListItemArea46"><input value="0110202070301888___" type="hidden" name="productId46" id="productId46"><input value=" " type="hidden" name="_D:productId46"><input value="ninguno" type="hidden" name="brokenStockPolicy46" id="brokenStockPolicy46"><input value=" " type="hidden" name="_D:brokenStockPolicy46"><input value="ninguno" type="hidden" name="giftListItemBrokenStockPolicy46" id="giftListItemBrokenStockPolicy46"><input value=" " type="hidden" name="_D:giftListItemBrokenStockPolicy46">
<td class="cart_product" headers="c1 r2">
<div class="cart_product_img">
<a href="#" title="" onclick="openOnlyUnitsPopup('gi19680672', 46, '0110202070301888___','MIS_LISTAS'); return false;">
<img src="http://sgfm.elcorteingles.es/SGFM/01/88/8/0202070301888/0202070301888000x01011.jpg" alt=""></img> </a>
</div>
<div class="cart_product_txt">
<h3>
<a href="#" title="" id="item46" onclick="openOnlyUnitsPopup('gi19680672', 46, '0110202070301888___','MIS_LISTAS'); return false;">
<span>ALIADA ensalada 4 estaciones bolsa 250 g</span>
</a>
</h3>
<p class="clear txt_descuento">
</p>
</div>
</td> 
<td headers="c2 r2">
&nbsp;
</td> 
<td headers="c3 r2">
<div class="antes" style="margin-left: 0.8em;height:1.3em; text-decoration: line-through;"></div>
<div class="compra_product">
<div class="precio_product" style="width:">
<p class="ahora"><span>
0,6 &euro;</span></p>
<div class="precio_kg clear"> (2,4 &euro; / Kilo)</div>
</div>
</td>
<td headers="c4 r2">
<input value="0110202070301888___" type="hidden" name="catalogRefId46" id="catalogRefId46"><input value=" " type="hidden" name="_D:catalogRefId46"><input value="0110202070301888___" type="hidden" name="giftListItemCatalogRefId46" id="giftListItemCatalogRefId46"><input value=" " type="hidden" name="_D:giftListItemCatalogRefId46"><input value="0110202070301888___" type="hidden" name="productId46" id="productId46"><input value=" " type="hidden" name="_D:productId46"><input value="0110202070301888___" type="hidden" name="giftListItemProductId46" id="giftListItemProductId46"><input value=" " type="hidden" name="_D:giftListItemProductId46"><input value="supermarket" type="hidden" name="/atg/commerce/order/purchase/CartModifierFormHandler.itemsAux[46].value.originCatalogue"><input value=" " type="hidden" name="_D:/atg/commerce/order/purchase/CartModifierFormHandler.itemsAux[46].value.originCatalogue"><input value="supermarket" type="hidden" name="/eci/supermarket/commerce/gifts/WishListsFormHandler.items[46].value.originCatalogue"><input value=" " type="hidden" name="_D:/eci/supermarket/commerce/gifts/WishListsFormHandler.items[46].value.originCatalogue"><input value="MIS_LISTAS" type="hidden" name="/atg/commerce/order/purchase/CartModifierFormHandler.itemsAux[46].value.boughtFrom"><input value=" " type="hidden" name="_D:/atg/commerce/order/purchase/CartModifierFormHandler.itemsAux[46].value.boughtFrom"><input value="MIS_LISTAS" type="hidden" name="/eci/supermarket/commerce/gifts/WishListsFormHandler.items[46].value.boughtFrom"><input value=" " type="hidden" name="_D:/eci/supermarket/commerce/gifts/WishListsFormHandler.items[46].value.boughtFrom"><input value="unit" type="hidden" name="saleType46" id="saleType46"><input value=" " type="hidden" name="_D:saleType46"><input value="unit" type="hidden" name="giftListItemSaleType46" id="giftListItemSaleType46"><input value=" " type="hidden" name="_D:giftListItemSaleType46"> <table>
<tr>
<td rowspan="2" style="border:none">
<div class="caja_cantidad_shopping_cart">
<input value="1" onkeyup="javascript:updateOnlyUnits(event, 46, false, 'Especifique la cantidad de producto');" maxlength="3" type="text" align="absMiddle" style="font-size: 110%; font-family: MS Shell Dlg; text-align: center;" size="3" name="quantity46" id="quantity46"><input value=" " type="hidden" name="_D:quantity46"> </div>
</td>
<input value="0" type="hidden" name="giftListItemQuantity46" id="giftListItemQuantity46"><input value=" " type="hidden" name="_D:giftListItemQuantity46"> <input type="hidden" id='quantity_h46' name='quantity_h46' value='1' />
<td rowspan="2" style="border:none"><img width="4" height="10" src="/hipercor/static/sm2/img/elementos/nada.gif" border="0"></img></td>
<td valign="bottom"><img width="13" height="9" style="cursor: pointer" onclick="incrementOnlyUnits(46, false);" src="/hipercor/static/sm2/img/productos/mas.gif" border="0"></img></td>
<td rowspan="2" style="border:none"><img width="5" height="10" src="/hipercor/static/sm2/img/elementos/nada.gif" border="0"></img></td>
</tr>
<tr>
<td valign="top"><img style="cursor: pointer; float:left;" onclick="decrementOnlyUnits(46, false);" src="/hipercor/static/sm2/img/productos/menos.gif" border="0"></img></td>
</tr>
</table>
<input type="hidden" name="preparationType" id="preparationType" value="" />
</td> 
<td headers="c6 r2">
<div class="product_anadir">
<input type="checkbox" id='0110202070301888____checkbox' name="0110202070301888____checkbox" value="0110202070301888___" checked="checked"/>
</div>
</td>
</tr>
<tr>
<input value="1" type="hidden" name="area47" id="area47"><input value=" " type="hidden" name="_D:area47"><input value="1" type="hidden" name="giftListItemArea47" id="giftListItemArea47"><input value=" " type="hidden" name="_D:giftListItemArea47"><input value="0110202070300120___" type="hidden" name="productId47" id="productId47"><input value=" " type="hidden" name="_D:productId47"><input value="ninguno" type="hidden" name="brokenStockPolicy47" id="brokenStockPolicy47"><input value=" " type="hidden" name="_D:brokenStockPolicy47"><input value="ninguno" type="hidden" name="giftListItemBrokenStockPolicy47" id="giftListItemBrokenStockPolicy47"><input value=" " type="hidden" name="_D:giftListItemBrokenStockPolicy47">
<td class="cart_product" headers="c1 r2">
<div class="cart_product_img">
<a href="#" title="" onclick="openOnlyUnitsPopup('gi19680673', 47, '0110202070300120___','MIS_LISTAS'); return false;">
<img src="http://sgfm.elcorteingles.es/SGFM/00/12/0/0202070300120/0202070300120000x01011.jpg" alt=""></img> </a>
</div>
<div class="cart_product_txt">
<h3>
<a href="#" title="" id="item47" onclick="openOnlyUnitsPopup('gi19680673', 47, '0110202070300120___','MIS_LISTAS'); return false;">
<span>FLORETTE ensalada vega bolsa 200</span>
</a>
</h3>
<p class="clear txt_descuento">
</p>
</div>
</td> 
<td headers="c2 r2">
<img width="21" height="21" title="¡Hemos bajado los precios!" class="simbolo_1" src="http://sgfm.elcorteingles.es/SGFM/supermarket/tematicos/es/011_bajamos_precios.gif" border="0" alt="¡Hemos bajado los precios!"></img>&nbsp;
</td> 
<td headers="c3 r2">
<div class="antes" style="margin-left: 0.8em;height:1.3em; text-decoration: line-through;"></div>
<div class="compra_product">
<div class="precio_product" style="width:">
<p class="ahora"><span>
1,37 &euro;</span></p>
<div class="precio_kg clear"> (6,85 &euro; / Kilo)</div>
</div>
</td>
<td headers="c4 r2">
<input value="0110202070300120___" type="hidden" name="catalogRefId47" id="catalogRefId47"><input value=" " type="hidden" name="_D:catalogRefId47"><input value="0110202070300120___" type="hidden" name="giftListItemCatalogRefId47" id="giftListItemCatalogRefId47"><input value=" " type="hidden" name="_D:giftListItemCatalogRefId47"><input value="0110202070300120___" type="hidden" name="productId47" id="productId47"><input value=" " type="hidden" name="_D:productId47"><input value="0110202070300120___" type="hidden" name="giftListItemProductId47" id="giftListItemProductId47"><input value=" " type="hidden" name="_D:giftListItemProductId47"><input value="" type="hidden" name="/atg/commerce/order/purchase/CartModifierFormHandler.itemsAux[47].value.originCatalogue"><input value=" " type="hidden" name="_D:/atg/commerce/order/purchase/CartModifierFormHandler.itemsAux[47].value.originCatalogue"><input value="" type="hidden" name="/eci/supermarket/commerce/gifts/WishListsFormHandler.items[47].value.originCatalogue"><input value=" " type="hidden" name="_D:/eci/supermarket/commerce/gifts/WishListsFormHandler.items[47].value.originCatalogue"><input value="MIS_LISTAS" type="hidden" name="/atg/commerce/order/purchase/CartModifierFormHandler.itemsAux[47].value.boughtFrom"><input value=" " type="hidden" name="_D:/atg/commerce/order/purchase/CartModifierFormHandler.itemsAux[47].value.boughtFrom"><input value="MIS_LISTAS" type="hidden" name="/eci/supermarket/commerce/gifts/WishListsFormHandler.items[47].value.boughtFrom"><input value=" " type="hidden" name="_D:/eci/supermarket/commerce/gifts/WishListsFormHandler.items[47].value.boughtFrom"><input value="unit" type="hidden" name="saleType47" id="saleType47"><input value=" " type="hidden" name="_D:saleType47"><input value="unit" type="hidden" name="giftListItemSaleType47" id="giftListItemSaleType47"><input value=" " type="hidden" name="_D:giftListItemSaleType47"> <table>
<tr>
<td rowspan="2" style="border:none">
<div class="caja_cantidad_shopping_cart">
<input value="1" onkeyup="javascript:updateOnlyUnits(event, 47, false, 'Especifique la cantidad de producto');" maxlength="3" type="text" align="absMiddle" style="font-size: 110%; font-family: MS Shell Dlg; text-align: center;" size="3" name="quantity47" id="quantity47"><input value=" " type="hidden" name="_D:quantity47"> </div>
</td>
<input value="0" type="hidden" name="giftListItemQuantity47" id="giftListItemQuantity47"><input value=" " type="hidden" name="_D:giftListItemQuantity47"> <input type="hidden" id='quantity_h47' name='quantity_h47' value='1' />
<td rowspan="2" style="border:none"><img width="4" height="10" src="/hipercor/static/sm2/img/elementos/nada.gif" border="0"></img></td>
<td valign="bottom"><img width="13" height="9" style="cursor: pointer" onclick="incrementOnlyUnits(47, false);" src="/hipercor/static/sm2/img/productos/mas.gif" border="0"></img></td>
<td rowspan="2" style="border:none"><img width="5" height="10" src="/hipercor/static/sm2/img/elementos/nada.gif" border="0"></img></td>
</tr>
<tr>
<td valign="top"><img style="cursor: pointer; float:left;" onclick="decrementOnlyUnits(47, false);" src="/hipercor/static/sm2/img/productos/menos.gif" border="0"></img></td>
</tr>
</table>
<input type="hidden" name="preparationType" id="preparationType" value="" />
</td> 
<td headers="c6 r2">
<div class="product_anadir">
<input type="checkbox" id='0110202070300120____checkbox' name="0110202070300120____checkbox" value="0110202070300120___" checked="checked"/>
</div>
</td>
</tr>
<tr>
<input value="1" type="hidden" name="area48" id="area48"><input value=" " type="hidden" name="_D:area48"><input value="1" type="hidden" name="giftListItemArea48" id="giftListItemArea48"><input value=" " type="hidden" name="_D:giftListItemArea48"><input value="0110202056702059___" type="hidden" name="productId48" id="productId48"><input value=" " type="hidden" name="_D:productId48"><input value="ninguno" type="hidden" name="brokenStockPolicy48" id="brokenStockPolicy48"><input value=" " type="hidden" name="_D:brokenStockPolicy48"><input value="ninguno" type="hidden" name="giftListItemBrokenStockPolicy48" id="giftListItemBrokenStockPolicy48"><input value=" " type="hidden" name="_D:giftListItemBrokenStockPolicy48">
<td class="cart_product" headers="c1 r2">
<div class="cart_product_img">
<a href="#" title="" onclick="openOnlyUnitsPopup('gi19680753', 48, '0110202056702059___','MIS_LISTAS'); return false;">
<img src="http://sgfm.elcorteingles.es/SGFM/02/05/9/0202056702059/0202056702059000x01011.jpg" alt=""></img> </a>
</div>
<div class="cart_product_txt">
<h3>
<a href="#" title="" id="item48" onclick="openOnlyUnitsPopup('gi19680753', 48, '0110202056702059___','MIS_LISTAS'); return false;">
<span>COQUET Naranjas de zumo bolsa 4 kg</span>
</a>
</h3>
<p class="clear txt_descuento">
</p>
</div>
</td> 
<td headers="c2 r2">
&nbsp;
</td> 
<td headers="c3 r2">
<div class="antes" style="margin-left: 0.8em;height:1.3em; text-decoration: line-through;"></div>
<div class="compra_product">
<div class="precio_product" style="width:">
<p class="ahora"><span>
4,96 &euro;</span></p>
<div class="precio_kg clear"> (1,24 &euro; / Kilo)</div>
</div>
</td>
<td headers="c4 r2">
<input value="0110202056702059___" type="hidden" name="catalogRefId48" id="catalogRefId48"><input value=" " type="hidden" name="_D:catalogRefId48"><input value="0110202056702059___" type="hidden" name="giftListItemCatalogRefId48" id="giftListItemCatalogRefId48"><input value=" " type="hidden" name="_D:giftListItemCatalogRefId48"><input value="0110202056702059___" type="hidden" name="productId48" id="productId48"><input value=" " type="hidden" name="_D:productId48"><input value="0110202056702059___" type="hidden" name="giftListItemProductId48" id="giftListItemProductId48"><input value=" " type="hidden" name="_D:giftListItemProductId48"><input value="supermarket" type="hidden" name="/atg/commerce/order/purchase/CartModifierFormHandler.itemsAux[48].value.originCatalogue"><input value=" " type="hidden" name="_D:/atg/commerce/order/purchase/CartModifierFormHandler.itemsAux[48].value.originCatalogue"><input value="supermarket" type="hidden" name="/eci/supermarket/commerce/gifts/WishListsFormHandler.items[48].value.originCatalogue"><input value=" " type="hidden" name="_D:/eci/supermarket/commerce/gifts/WishListsFormHandler.items[48].value.originCatalogue"><input value="MIS_LISTAS" type="hidden" name="/atg/commerce/order/purchase/CartModifierFormHandler.itemsAux[48].value.boughtFrom"><input value=" " type="hidden" name="_D:/atg/commerce/order/purchase/CartModifierFormHandler.itemsAux[48].value.boughtFrom"><input value="MIS_LISTAS" type="hidden" name="/eci/supermarket/commerce/gifts/WishListsFormHandler.items[48].value.boughtFrom"><input value=" " type="hidden" name="_D:/eci/supermarket/commerce/gifts/WishListsFormHandler.items[48].value.boughtFrom"><input value="unit" type="hidden" name="saleType48" id="saleType48"><input value=" " type="hidden" name="_D:saleType48"><input value="unit" type="hidden" name="giftListItemSaleType48" id="giftListItemSaleType48"><input value=" " type="hidden" name="_D:giftListItemSaleType48"> <table>
<tr>
<td rowspan="2" style="border:none">
<div class="caja_cantidad_shopping_cart">
<input value="1" onkeyup="javascript:updateOnlyUnits(event, 48, false, 'Especifique la cantidad de producto');" maxlength="3" type="text" align="absMiddle" style="font-size: 110%; font-family: MS Shell Dlg; text-align: center;" size="3" name="quantity48" id="quantity48"><input value=" " type="hidden" name="_D:quantity48"> </div>
</td>
<input value="0" type="hidden" name="giftListItemQuantity48" id="giftListItemQuantity48"><input value=" " type="hidden" name="_D:giftListItemQuantity48"> <input type="hidden" id='quantity_h48' name='quantity_h48' value='1' />
<td rowspan="2" style="border:none"><img width="4" height="10" src="/hipercor/static/sm2/img/elementos/nada.gif" border="0"></img></td>
<td valign="bottom"><img width="13" height="9" style="cursor: pointer" onclick="incrementOnlyUnits(48, false);" src="/hipercor/static/sm2/img/productos/mas.gif" border="0"></img></td>
<td rowspan="2" style="border:none"><img width="5" height="10" src="/hipercor/static/sm2/img/elementos/nada.gif" border="0"></img></td>
</tr>
<tr>
<td valign="top"><img style="cursor: pointer; float:left;" onclick="decrementOnlyUnits(48, false);" src="/hipercor/static/sm2/img/productos/menos.gif" border="0"></img></td>
</tr>
</table>
<input type="hidden" name="preparationType" id="preparationType" value="" />
</td> 
<td headers="c6 r2">
<div class="product_anadir">
<input type="checkbox" id='0110202056702059____checkbox' name="0110202056702059____checkbox" value="0110202056702059___" checked="checked"/>
</div>
</td>
</tr>
<tr class="fila_categoria">
<th class="tit_categoria" id="r2" colspan="5"><h2> Higiene personal</h2></th>
</tr>
<tr>
<input value="3" type="hidden" name="area49" id="area49"><input value=" " type="hidden" name="_D:area49"><input value="3" type="hidden" name="giftListItemArea49" id="giftListItemArea49"><input value=" " type="hidden" name="_D:giftListItemArea49"><input value="0110201563101185___" type="hidden" name="productId49" id="productId49"><input value=" " type="hidden" name="_D:productId49"><input value="ninguno" type="hidden" name="brokenStockPolicy49" id="brokenStockPolicy49"><input value=" " type="hidden" name="_D:brokenStockPolicy49"><input value="ninguno" type="hidden" name="giftListItemBrokenStockPolicy49" id="giftListItemBrokenStockPolicy49"><input value=" " type="hidden" name="_D:giftListItemBrokenStockPolicy49">
<td class="cart_product" headers="c1 r2">
<div class="cart_product_img">
<a href="#" title="" onclick="openOnlyUnitsPopup('gi19920001', 49, '0110201563101185___','MIS_LISTAS'); return false;">
<img src="http://sgfm.elcorteingles.es/SGFM/01/18/5/0201563101185/0201563101185000x01011.jpg" alt=""></img> </a>
</div>
<div class="cart_product_txt">
<h3>
<a href="#" title="" id="item49" onclick="openOnlyUnitsPopup('gi19920001', 49, '0110201563101185___','MIS_LISTAS'); return false;">
<span>MOLTEX Affective toallitas húmedas para adulto paquete 40 unidades</span>
</a>
</h3>
<p class="clear txt_descuento">
</p>
</div>
</td> 
<td headers="c2 r2">
&nbsp;
</td> 
<td headers="c3 r2">
<div class="antes" style="margin-left: 0.8em;height:1.3em; text-decoration: line-through;"></div>
<div class="compra_product">
<div class="precio_product" style="width:">
<p class="ahora"><span>
3,24 &euro;</span></p>
<div class="precio_kg clear"> (0,08 &euro; / Unidad)</div>
</div>
</td>
<td headers="c4 r2">
<input value="0110201563101185___" type="hidden" name="catalogRefId49" id="catalogRefId49"><input value=" " type="hidden" name="_D:catalogRefId49"><input value="0110201563101185___" type="hidden" name="giftListItemCatalogRefId49" id="giftListItemCatalogRefId49"><input value=" " type="hidden" name="_D:giftListItemCatalogRefId49"><input value="0110201563101185___" type="hidden" name="productId49" id="productId49"><input value=" " type="hidden" name="_D:productId49"><input value="0110201563101185___" type="hidden" name="giftListItemProductId49" id="giftListItemProductId49"><input value=" " type="hidden" name="_D:giftListItemProductId49"><input value="supermarket" type="hidden" name="/atg/commerce/order/purchase/CartModifierFormHandler.itemsAux[49].value.originCatalogue"><input value=" " type="hidden" name="_D:/atg/commerce/order/purchase/CartModifierFormHandler.itemsAux[49].value.originCatalogue"><input value="supermarket" type="hidden" name="/eci/supermarket/commerce/gifts/WishListsFormHandler.items[49].value.originCatalogue"><input value=" " type="hidden" name="_D:/eci/supermarket/commerce/gifts/WishListsFormHandler.items[49].value.originCatalogue"><input value="MIS_LISTAS" type="hidden" name="/atg/commerce/order/purchase/CartModifierFormHandler.itemsAux[49].value.boughtFrom"><input value=" " type="hidden" name="_D:/atg/commerce/order/purchase/CartModifierFormHandler.itemsAux[49].value.boughtFrom"><input value="MIS_LISTAS" type="hidden" name="/eci/supermarket/commerce/gifts/WishListsFormHandler.items[49].value.boughtFrom"><input value=" " type="hidden" name="_D:/eci/supermarket/commerce/gifts/WishListsFormHandler.items[49].value.boughtFrom"><input value="unit" type="hidden" name="saleType49" id="saleType49"><input value=" " type="hidden" name="_D:saleType49"><input value="unit" type="hidden" name="giftListItemSaleType49" id="giftListItemSaleType49"><input value=" " type="hidden" name="_D:giftListItemSaleType49"> <table>
<tr>
<td rowspan="2" style="border:none">
<div class="caja_cantidad_shopping_cart">
<input value="1" onkeyup="javascript:updateOnlyUnits(event, 49, false, 'Especifique la cantidad de producto');" maxlength="3" type="text" align="absMiddle" style="font-size: 110%; font-family: MS Shell Dlg; text-align: center;" size="3" name="quantity49" id="quantity49"><input value=" " type="hidden" name="_D:quantity49"> </div>
</td>
<input value="0" type="hidden" name="giftListItemQuantity49" id="giftListItemQuantity49"><input value=" " type="hidden" name="_D:giftListItemQuantity49"> <input type="hidden" id='quantity_h49' name='quantity_h49' value='1' />
<td rowspan="2" style="border:none"><img width="4" height="10" src="/hipercor/static/sm2/img/elementos/nada.gif" border="0"></img></td>
<td valign="bottom"><img width="13" height="9" style="cursor: pointer" onclick="incrementOnlyUnits(49, false);" src="/hipercor/static/sm2/img/productos/mas.gif" border="0"></img></td>
<td rowspan="2" style="border:none"><img width="5" height="10" src="/hipercor/static/sm2/img/elementos/nada.gif" border="0"></img></td>
</tr>
<tr>
<td valign="top"><img style="cursor: pointer; float:left;" onclick="decrementOnlyUnits(49, false);" src="/hipercor/static/sm2/img/productos/menos.gif" border="0"></img></td>
</tr>
</table>
<input type="hidden" name="preparationType" id="preparationType" value="" />
</td> 
<td headers="c6 r2">
<div class="product_anadir">
<input type="checkbox" id='0110201563101185____checkbox' name="0110201563101185____checkbox" value="0110201563101185___" checked="checked"/>
</div>
</td>
</tr>
<tr>
<input value="1" type="hidden" name="area50" id="area50"><input value=" " type="hidden" name="_D:area50"><input value="1" type="hidden" name="giftListItemArea50" id="giftListItemArea50"><input value=" " type="hidden" name="_D:giftListItemArea50"><input value="0110201555100039___" type="hidden" name="productId50" id="productId50"><input value=" " type="hidden" name="_D:productId50"><input value="ninguno" type="hidden" name="brokenStockPolicy50" id="brokenStockPolicy50"><input value=" " type="hidden" name="_D:brokenStockPolicy50"><input value="ninguno" type="hidden" name="giftListItemBrokenStockPolicy50" id="giftListItemBrokenStockPolicy50"><input value=" " type="hidden" name="_D:giftListItemBrokenStockPolicy50">
<td class="cart_product" headers="c1 r2">
<div class="cart_product_img">
<a href="#" title="" onclick="openOnlyUnitsPopup('gi19920006', 50, '0110201555100039___','MIS_LISTAS'); return false;">
<img src="http://sgfm.elcorteingles.es/SGFM/00/03/9/0201555100039/0201555100039000x01011.jpg" alt=""></img> </a>
</div>
<div class="cart_product_txt">
<h3>
<a href="#" title="" id="item50" onclick="openOnlyUnitsPopup('gi19920006', 50, '0110201555100039___','MIS_LISTAS'); return false;">
<span>REXONA desodorante roll on Cobalt Blue Men envase 50 ml</span>
</a>
</h3>
<p class="clear txt_descuento">
</p>
</div>
</td> 
<td headers="c2 r2">
<img width="21" height="21" title="¡Hemos bajado los precios!" class="simbolo_1" src="http://sgfm.elcorteingles.es/SGFM/supermarket/tematicos/es/011_bajamos_precios.gif" border="0" alt="¡Hemos bajado los precios!"></img>&nbsp;
</td> 
<td headers="c3 r2">
<div class="antes" style="margin-left: 0.8em;height:1.3em; text-decoration: line-through;"></div>
<div class="compra_product">
<div class="precio_product" style="width:">
<p class="ahora"><span>
2,11 &euro;</span></p>
<div class="precio_kg clear"> (4,22 &euro; / 100 ml.)</div>
</div>
</td>
<td headers="c4 r2">
<input value="0110201555100039___" type="hidden" name="catalogRefId50" id="catalogRefId50"><input value=" " type="hidden" name="_D:catalogRefId50"><input value="0110201555100039___" type="hidden" name="giftListItemCatalogRefId50" id="giftListItemCatalogRefId50"><input value=" " type="hidden" name="_D:giftListItemCatalogRefId50"><input value="0110201555100039___" type="hidden" name="productId50" id="productId50"><input value=" " type="hidden" name="_D:productId50"><input value="0110201555100039___" type="hidden" name="giftListItemProductId50" id="giftListItemProductId50"><input value=" " type="hidden" name="_D:giftListItemProductId50"><input value="supermarket" type="hidden" name="/atg/commerce/order/purchase/CartModifierFormHandler.itemsAux[50].value.originCatalogue"><input value=" " type="hidden" name="_D:/atg/commerce/order/purchase/CartModifierFormHandler.itemsAux[50].value.originCatalogue"><input value="supermarket" type="hidden" name="/eci/supermarket/commerce/gifts/WishListsFormHandler.items[50].value.originCatalogue"><input value=" " type="hidden" name="_D:/eci/supermarket/commerce/gifts/WishListsFormHandler.items[50].value.originCatalogue"><input value="MIS_LISTAS" type="hidden" name="/atg/commerce/order/purchase/CartModifierFormHandler.itemsAux[50].value.boughtFrom"><input value=" " type="hidden" name="_D:/atg/commerce/order/purchase/CartModifierFormHandler.itemsAux[50].value.boughtFrom"><input value="MIS_LISTAS" type="hidden" name="/eci/supermarket/commerce/gifts/WishListsFormHandler.items[50].value.boughtFrom"><input value=" " type="hidden" name="_D:/eci/supermarket/commerce/gifts/WishListsFormHandler.items[50].value.boughtFrom"><input value="unit" type="hidden" name="saleType50" id="saleType50"><input value=" " type="hidden" name="_D:saleType50"><input value="unit" type="hidden" name="giftListItemSaleType50" id="giftListItemSaleType50"><input value=" " type="hidden" name="_D:giftListItemSaleType50"> <table>
<tr>
<td rowspan="2" style="border:none">
<div class="caja_cantidad_shopping_cart">
<input value="1" onkeyup="javascript:updateOnlyUnits(event, 50, false, 'Especifique la cantidad de producto');" maxlength="3" type="text" align="absMiddle" style="font-size: 110%; font-family: MS Shell Dlg; text-align: center;" size="3" name="quantity50" id="quantity50"><input value=" " type="hidden" name="_D:quantity50"> </div>
</td>
<input value="0" type="hidden" name="giftListItemQuantity50" id="giftListItemQuantity50"><input value=" " type="hidden" name="_D:giftListItemQuantity50"> <input type="hidden" id='quantity_h50' name='quantity_h50' value='1' />
<td rowspan="2" style="border:none"><img width="4" height="10" src="/hipercor/static/sm2/img/elementos/nada.gif" border="0"></img></td>
<td valign="bottom"><img width="13" height="9" style="cursor: pointer" onclick="incrementOnlyUnits(50, false);" src="/hipercor/static/sm2/img/productos/mas.gif" border="0"></img></td>
<td rowspan="2" style="border:none"><img width="5" height="10" src="/hipercor/static/sm2/img/elementos/nada.gif" border="0"></img></td>
</tr>
<tr>
<td valign="top"><img style="cursor: pointer; float:left;" onclick="decrementOnlyUnits(50, false);" src="/hipercor/static/sm2/img/productos/menos.gif" border="0"></img></td>
</tr>
</table>
<input type="hidden" name="preparationType" id="preparationType" value="" />
</td> 
<td headers="c6 r2">
<div class="product_anadir">
<input type="checkbox" id='0110201555100039____checkbox' name="0110201555100039____checkbox" value="0110201555100039___" checked="checked"/>
</div>
</td>
</tr>
<tr>
<input value="1" type="hidden" name="area51" id="area51"><input value=" " type="hidden" name="_D:area51"><input value="1" type="hidden" name="giftListItemArea51" id="giftListItemArea51"><input value=" " type="hidden" name="_D:giftListItemArea51"><input value="0110201550800120___" type="hidden" name="productId51" id="productId51"><input value=" " type="hidden" name="_D:productId51"><input value="ninguno" type="hidden" name="brokenStockPolicy51" id="brokenStockPolicy51"><input value=" " type="hidden" name="_D:brokenStockPolicy51"><input value="ninguno" type="hidden" name="giftListItemBrokenStockPolicy51" id="giftListItemBrokenStockPolicy51"><input value=" " type="hidden" name="_D:giftListItemBrokenStockPolicy51">
<td class="cart_product" headers="c1 r2">
<div class="cart_product_img">
<a href="#" title="" onclick="openOnlyUnitsPopup('gi19920008', 51, '0110201550800120___','MIS_LISTAS'); return false;">
<img src="http://sgfm.elcorteingles.es/SGFM/00/12/0/0201550800120/0201550800120000x01011.jpg" alt=""></img> </a>
</div>
<div class="cart_product_txt">
<h3>
<a href="#" title="" id="item51" onclick="openOnlyUnitsPopup('gi19920008', 51, '0110201550800120___','MIS_LISTAS'); return false;">
<span>NIVEA FOR MEN after shave bálsamo Sensitive Active Comfort frasco 100 ml</span>
</a>
</h3>
<p class="clear txt_descuento">
</p>
</div>
</td> 
<td headers="c2 r2">
&nbsp;
</td> 
<td headers="c3 r2">
<div class="antes" style="margin-left: 0.8em;height:1.3em; text-decoration: line-through;">
<p>7,62 &euro;</p>
</div>
<div class="compra_product">
<div class="precio_product" style="width:">
<p class="ahora"><span style="color:#E2001A; font-weight: bold;">6,29 &euro;</span></p>
</div>
<div class="precio_kg clear"> (6,29 &euro; / 100 ml.)</div>
</div>
</td>
<td headers="c4 r2">
<input value="0110201550800120___" type="hidden" name="catalogRefId51" id="catalogRefId51"><input value=" " type="hidden" name="_D:catalogRefId51"><input value="0110201550800120___" type="hidden" name="giftListItemCatalogRefId51" id="giftListItemCatalogRefId51"><input value=" " type="hidden" name="_D:giftListItemCatalogRefId51"><input value="0110201550800120___" type="hidden" name="productId51" id="productId51"><input value=" " type="hidden" name="_D:productId51"><input value="0110201550800120___" type="hidden" name="giftListItemProductId51" id="giftListItemProductId51"><input value=" " type="hidden" name="_D:giftListItemProductId51"><input value="" type="hidden" name="/atg/commerce/order/purchase/CartModifierFormHandler.itemsAux[51].value.originCatalogue"><input value=" " type="hidden" name="_D:/atg/commerce/order/purchase/CartModifierFormHandler.itemsAux[51].value.originCatalogue"><input value="" type="hidden" name="/eci/supermarket/commerce/gifts/WishListsFormHandler.items[51].value.originCatalogue"><input value=" " type="hidden" name="_D:/eci/supermarket/commerce/gifts/WishListsFormHandler.items[51].value.originCatalogue"><input value="MIS_LISTAS" type="hidden" name="/atg/commerce/order/purchase/CartModifierFormHandler.itemsAux[51].value.boughtFrom"><input value=" " type="hidden" name="_D:/atg/commerce/order/purchase/CartModifierFormHandler.itemsAux[51].value.boughtFrom"><input value="MIS_LISTAS" type="hidden" name="/eci/supermarket/commerce/gifts/WishListsFormHandler.items[51].value.boughtFrom"><input value=" " type="hidden" name="_D:/eci/supermarket/commerce/gifts/WishListsFormHandler.items[51].value.boughtFrom"><input value="unit" type="hidden" name="saleType51" id="saleType51"><input value=" " type="hidden" name="_D:saleType51"><input value="unit" type="hidden" name="giftListItemSaleType51" id="giftListItemSaleType51"><input value=" " type="hidden" name="_D:giftListItemSaleType51"> <table>
<tr>
<td rowspan="2" style="border:none">
<div class="caja_cantidad_shopping_cart">
<input value="1" onkeyup="javascript:updateOnlyUnits(event, 51, false, 'Especifique la cantidad de producto');" maxlength="3" type="text" align="absMiddle" style="font-size: 110%; font-family: MS Shell Dlg; text-align: center;" size="3" name="quantity51" id="quantity51"><input value=" " type="hidden" name="_D:quantity51"> </div>
</td>
<input value="0" type="hidden" name="giftListItemQuantity51" id="giftListItemQuantity51"><input value=" " type="hidden" name="_D:giftListItemQuantity51"> <input type="hidden" id='quantity_h51' name='quantity_h51' value='1' />
<td rowspan="2" style="border:none"><img width="4" height="10" src="/hipercor/static/sm2/img/elementos/nada.gif" border="0"></img></td>
<td valign="bottom"><img width="13" height="9" style="cursor: pointer" onclick="incrementOnlyUnits(51, false);" src="/hipercor/static/sm2/img/productos/mas.gif" border="0"></img></td>
<td rowspan="2" style="border:none"><img width="5" height="10" src="/hipercor/static/sm2/img/elementos/nada.gif" border="0"></img></td>
</tr>
<tr>
<td valign="top"><img style="cursor: pointer; float:left;" onclick="decrementOnlyUnits(51, false);" src="/hipercor/static/sm2/img/productos/menos.gif" border="0"></img></td>
</tr>
</table>
<input type="hidden" name="preparationType" id="preparationType" value="" />
</td> 
<td headers="c6 r2">
<div class="product_anadir">
<input type="checkbox" id='0110201550800120____checkbox' name="0110201550800120____checkbox" value="0110201550800120___" checked="checked"/>
</div>
</td>
</tr>
<tr>
<input value="1" type="hidden" name="area52" id="area52"><input value=" " type="hidden" name="_D:area52"><input value="1" type="hidden" name="giftListItemArea52" id="giftListItemArea52"><input value=" " type="hidden" name="_D:giftListItemArea52"><input value="0110201550100125___" type="hidden" name="productId52" id="productId52"><input value=" " type="hidden" name="_D:productId52"><input value="ninguno" type="hidden" name="brokenStockPolicy52" id="brokenStockPolicy52"><input value=" " type="hidden" name="_D:brokenStockPolicy52"><input value="ninguno" type="hidden" name="giftListItemBrokenStockPolicy52" id="giftListItemBrokenStockPolicy52"><input value=" " type="hidden" name="_D:giftListItemBrokenStockPolicy52">
<td class="cart_product" headers="c1 r2">
<div class="cart_product_img">
<a href="#" title="" onclick="openOnlyUnitsPopup('gi19920010', 52, '0110201550100125___','MIS_LISTAS'); return false;">
<img src="http://sgfm.elcorteingles.es/SGFM/00/12/5/0201550100125/0201550100125000x01011.jpg" alt=""></img> </a>
</div>
<div class="cart_product_txt">
<h3>
<a href="#" title="" id="item52" onclick="openOnlyUnitsPopup('gi19920010', 52, '0110201550100125___','MIS_LISTAS'); return false;">
<span>NIVEA FOR MEN espuma de afeitar Sensitive spray 250 ml</span>
</a>
</h3>
<p class="clear txt_descuento">
</p>
</div>
</td> 
<td headers="c2 r2">
&nbsp;
</td> 
<td headers="c3 r2">
<div class="antes" style="margin-left: 0.8em;height:1.3em; text-decoration: line-through;">
<p>2,65 &euro;</p>
</div>
<div class="compra_product">
<div class="precio_product" style="width:">
<p class="ahora"><span style="color:#E2001A; font-weight: bold;">2,25 &euro;</span></p>
</div>
<div class="precio_kg clear"> (0,9 &euro; / 100 ml.)</div>
</div>
</td>
<td headers="c4 r2">
<input value="0110201550100125___" type="hidden" name="catalogRefId52" id="catalogRefId52"><input value=" " type="hidden" name="_D:catalogRefId52"><input value="0110201550100125___" type="hidden" name="giftListItemCatalogRefId52" id="giftListItemCatalogRefId52"><input value=" " type="hidden" name="_D:giftListItemCatalogRefId52"><input value="0110201550100125___" type="hidden" name="productId52" id="productId52"><input value=" " type="hidden" name="_D:productId52"><input value="0110201550100125___" type="hidden" name="giftListItemProductId52" id="giftListItemProductId52"><input value=" " type="hidden" name="_D:giftListItemProductId52"><input value="" type="hidden" name="/atg/commerce/order/purchase/CartModifierFormHandler.itemsAux[52].value.originCatalogue"><input value=" " type="hidden" name="_D:/atg/commerce/order/purchase/CartModifierFormHandler.itemsAux[52].value.originCatalogue"><input value="" type="hidden" name="/eci/supermarket/commerce/gifts/WishListsFormHandler.items[52].value.originCatalogue"><input value=" " type="hidden" name="_D:/eci/supermarket/commerce/gifts/WishListsFormHandler.items[52].value.originCatalogue"><input value="MIS_LISTAS" type="hidden" name="/atg/commerce/order/purchase/CartModifierFormHandler.itemsAux[52].value.boughtFrom"><input value=" " type="hidden" name="_D:/atg/commerce/order/purchase/CartModifierFormHandler.itemsAux[52].value.boughtFrom"><input value="MIS_LISTAS" type="hidden" name="/eci/supermarket/commerce/gifts/WishListsFormHandler.items[52].value.boughtFrom"><input value=" " type="hidden" name="_D:/eci/supermarket/commerce/gifts/WishListsFormHandler.items[52].value.boughtFrom"><input value="unit" type="hidden" name="saleType52" id="saleType52"><input value=" " type="hidden" name="_D:saleType52"><input value="unit" type="hidden" name="giftListItemSaleType52" id="giftListItemSaleType52"><input value=" " type="hidden" name="_D:giftListItemSaleType52"> <table>
<tr>
<td rowspan="2" style="border:none">
<div class="caja_cantidad_shopping_cart">
<input value="1" onkeyup="javascript:updateOnlyUnits(event, 52, false, 'Especifique la cantidad de producto');" maxlength="3" type="text" align="absMiddle" style="font-size: 110%; font-family: MS Shell Dlg; text-align: center;" size="3" name="quantity52" id="quantity52"><input value=" " type="hidden" name="_D:quantity52"> </div>
</td>
<input value="0" type="hidden" name="giftListItemQuantity52" id="giftListItemQuantity52"><input value=" " type="hidden" name="_D:giftListItemQuantity52"> <input type="hidden" id='quantity_h52' name='quantity_h52' value='1' />
<td rowspan="2" style="border:none"><img width="4" height="10" src="/hipercor/static/sm2/img/elementos/nada.gif" border="0"></img></td>
<td valign="bottom"><img width="13" height="9" style="cursor: pointer" onclick="incrementOnlyUnits(52, false);" src="/hipercor/static/sm2/img/productos/mas.gif" border="0"></img></td>
<td rowspan="2" style="border:none"><img width="5" height="10" src="/hipercor/static/sm2/img/elementos/nada.gif" border="0"></img></td>
</tr>
<tr>
<td valign="top"><img style="cursor: pointer; float:left;" onclick="decrementOnlyUnits(52, false);" src="/hipercor/static/sm2/img/productos/menos.gif" border="0"></img></td>
</tr>
</table>
<input type="hidden" name="preparationType" id="preparationType" value="" />
</td> 
<td headers="c6 r2">
<div class="product_anadir">
<input type="checkbox" id='0110201550100125____checkbox' name="0110201550100125____checkbox" value="0110201550100125___" checked="checked"/>
</div>
</td>
</tr>
<tr>
<input value="1" type="hidden" name="area53" id="area53"><input value=" " type="hidden" name="_D:area53"><input value="1" type="hidden" name="giftListItemArea53" id="giftListItemArea53"><input value=" " type="hidden" name="_D:giftListItemArea53"><input value="0110201550700486___" type="hidden" name="productId53" id="productId53"><input value=" " type="hidden" name="_D:productId53"><input value="ninguno" type="hidden" name="brokenStockPolicy53" id="brokenStockPolicy53"><input value=" " type="hidden" name="_D:brokenStockPolicy53"><input value="ninguno" type="hidden" name="giftListItemBrokenStockPolicy53" id="giftListItemBrokenStockPolicy53"><input value=" " type="hidden" name="_D:giftListItemBrokenStockPolicy53">
<td class="cart_product" headers="c1 r2">
<div class="cart_product_img">
<a href="#" title="" onclick="openOnlyUnitsPopup('gi19920014', 53, '0110201550700486___','MIS_LISTAS'); return false;">
<img src="http://sgfm.elcorteingles.es/SGFM/00/48/6/0201550700486/0201550700486000x01011.jpg" alt=""></img> </a>
</div>
<div class="cart_product_txt">
<h3>
<a href="#" title="" id="item53" onclick="openOnlyUnitsPopup('gi19920014', 53, '0110201550700486___','MIS_LISTAS'); return false;">
<span>GILLETTE FUSION recambio de maquinilla de afeitar estuche 8 unidades</span>
</a>
</h3>
<p class="clear txt_descuento">
</p>
</div>
</td> 
<td headers="c2 r2">
<img width="21" height="21" title="¡Hemos bajado los precios!" class="simbolo_1" src="http://sgfm.elcorteingles.es/SGFM/supermarket/tematicos/es/011_bajamos_precios.gif" border="0" alt="¡Hemos bajado los precios!"></img>&nbsp;
</td> 
<td headers="c3 r2">
<div class="antes" style="margin-left: 0.8em;height:1.3em; text-decoration: line-through;"></div>
<div class="compra_product">
<div class="precio_product" style="width:">
<p class="ahora"><span>
27,81 &euro;</span></p>
<div class="precio_kg clear"> (3,48 &euro; / Unidad)</div>
</div>
</td>
<td headers="c4 r2">
<input value="0110201550700486___" type="hidden" name="catalogRefId53" id="catalogRefId53"><input value=" " type="hidden" name="_D:catalogRefId53"><input value="0110201550700486___" type="hidden" name="giftListItemCatalogRefId53" id="giftListItemCatalogRefId53"><input value=" " type="hidden" name="_D:giftListItemCatalogRefId53"><input value="0110201550700486___" type="hidden" name="productId53" id="productId53"><input value=" " type="hidden" name="_D:productId53"><input value="0110201550700486___" type="hidden" name="giftListItemProductId53" id="giftListItemProductId53"><input value=" " type="hidden" name="_D:giftListItemProductId53"><input value="supermarket" type="hidden" name="/atg/commerce/order/purchase/CartModifierFormHandler.itemsAux[53].value.originCatalogue"><input value=" " type="hidden" name="_D:/atg/commerce/order/purchase/CartModifierFormHandler.itemsAux[53].value.originCatalogue"><input value="supermarket" type="hidden" name="/eci/supermarket/commerce/gifts/WishListsFormHandler.items[53].value.originCatalogue"><input value=" " type="hidden" name="_D:/eci/supermarket/commerce/gifts/WishListsFormHandler.items[53].value.originCatalogue"><input value="MIS_LISTAS" type="hidden" name="/atg/commerce/order/purchase/CartModifierFormHandler.itemsAux[53].value.boughtFrom"><input value=" " type="hidden" name="_D:/atg/commerce/order/purchase/CartModifierFormHandler.itemsAux[53].value.boughtFrom"><input value="MIS_LISTAS" type="hidden" name="/eci/supermarket/commerce/gifts/WishListsFormHandler.items[53].value.boughtFrom"><input value=" " type="hidden" name="_D:/eci/supermarket/commerce/gifts/WishListsFormHandler.items[53].value.boughtFrom"><input value="unit" type="hidden" name="saleType53" id="saleType53"><input value=" " type="hidden" name="_D:saleType53"><input value="unit" type="hidden" name="giftListItemSaleType53" id="giftListItemSaleType53"><input value=" " type="hidden" name="_D:giftListItemSaleType53"> <table>
<tr>
<td rowspan="2" style="border:none">
<div class="caja_cantidad_shopping_cart">
<input value="1" onkeyup="javascript:updateOnlyUnits(event, 53, false, 'Especifique la cantidad de producto');" maxlength="3" type="text" align="absMiddle" style="font-size: 110%; font-family: MS Shell Dlg; text-align: center;" size="3" name="quantity53" id="quantity53"><input value=" " type="hidden" name="_D:quantity53"> </div>
</td>
<input value="0" type="hidden" name="giftListItemQuantity53" id="giftListItemQuantity53"><input value=" " type="hidden" name="_D:giftListItemQuantity53"> <input type="hidden" id='quantity_h53' name='quantity_h53' value='1' />
<td rowspan="2" style="border:none"><img width="4" height="10" src="/hipercor/static/sm2/img/elementos/nada.gif" border="0"></img></td>
<td valign="bottom"><img width="13" height="9" style="cursor: pointer" onclick="incrementOnlyUnits(53, false);" src="/hipercor/static/sm2/img/productos/mas.gif" border="0"></img></td>
<td rowspan="2" style="border:none"><img width="5" height="10" src="/hipercor/static/sm2/img/elementos/nada.gif" border="0"></img></td>
</tr>
<tr>
<td valign="top"><img style="cursor: pointer; float:left;" onclick="decrementOnlyUnits(53, false);" src="/hipercor/static/sm2/img/productos/menos.gif" border="0"></img></td>
</tr>
</table>
<input type="hidden" name="preparationType" id="preparationType" value="" />
</td> 
<td headers="c6 r2">
<div class="product_anadir">
<input type="checkbox" id='0110201550700486____checkbox' name="0110201550700486____checkbox" value="0110201550700486___" checked="checked"/>
</div>
</td>
</tr>
<tr>
<input value="1" type="hidden" name="area54" id="area54"><input value=" " type="hidden" name="_D:area54"><input value="1" type="hidden" name="giftListItemArea54" id="giftListItemArea54"><input value=" " type="hidden" name="_D:giftListItemArea54"><input value="0110201540300090___" type="hidden" name="productId54" id="productId54"><input value=" " type="hidden" name="_D:productId54"><input value="ninguno" type="hidden" name="brokenStockPolicy54" id="brokenStockPolicy54"><input value=" " type="hidden" name="_D:brokenStockPolicy54"><input value="ninguno" type="hidden" name="giftListItemBrokenStockPolicy54" id="giftListItemBrokenStockPolicy54"><input value=" " type="hidden" name="_D:giftListItemBrokenStockPolicy54">
<td class="cart_product" headers="c1 r2">
<div class="cart_product_img">
<a href="/hipercor/sm2/wishlist/giftItemFragments/#" title="<c:out value=''/>" onclick="return false;" style="text-decoration : none; cursor:default;"><img src="http://sgfm.elcorteingles.es/SGFM/00/09/0/0201540300090/0201540300090000x01011.jpg" alt=""></img></a> </div>
<div class="cart_product_txt">
<h3>
<!-- ProductDescription --><a href="/hipercor/sm2/wishlist/giftItemFragments/#" title="<c:out value=''/>" onclick="return false;" style="text-decoration : none; cursor:default;">
<span>H&amp;S champú anticaspa refrescante con mentol natural frasco 300 ml</span>
</a> </h3>
</div>
</td> 
<td headers="c2 r2">
&nbsp;
</td> <input value="1" type="hidden" name="/atg/commerce/order/purchase/CartModifierFormHandler.itemsAux[54].quantity"><input value=" " type="hidden" name="_D:/atg/commerce/order/purchase/CartModifierFormHandler.itemsAux[54].quantity"><input value="0110201540300090___" type="hidden" name="giftListItemCatalogRefId54" id="giftListItemCatalogRefId54"><input value=" " type="hidden" name="_D:giftListItemCatalogRefId54"><input value="0110201540300090___" type="hidden" name="giftListItemProductId54" id="giftListItemProductId54"><input value=" " type="hidden" name="_D:giftListItemProductId54"><input value="supermarket" type="hidden" name="/eci/supermarket/commerce/gifts/WishListsFormHandler.items[54].value.originCatalogue"><input value=" " type="hidden" name="_D:/eci/supermarket/commerce/gifts/WishListsFormHandler.items[54].value.originCatalogue"><input value="unit" type="hidden" name="giftListItemSaleType54" id="giftListItemSaleType54"><input value=" " type="hidden" name="_D:giftListItemSaleType54"><input value="1" type="hidden" name="giftListItemQuantity54" id="giftListItemQuantity54"><input value=" " type="hidden" name="_D:giftListItemQuantity54"><input value="0" type="hidden" name="giftListItemWeightKilos54" id="giftListItemWeightKilos54"><input value=" " type="hidden" name="_D:giftListItemWeightKilos54"><input value="0" type="hidden" name="giftListItemWeightGrams54" id="giftListItemWeightGrams54"><input value=" " type="hidden" name="_D:giftListItemWeightGrams54"><input value="" type="hidden" name="giftListItemObservations54" id="giftListItemObservations54"><input value=" " type="hidden" name="_D:giftListItemObservations54"><input value="" type="hidden" name="giftListItemPreparationType54" id="giftListItemPreparationType54"><input value=" " type="hidden" name="_D:giftListItemPreparationType54"> <td colspan="3">
<span class="textRed">Producto no disponible</span>
</td>
</tr>
<tr>
<input value="1" type="hidden" name="area55" id="area55"><input value=" " type="hidden" name="_D:area55"><input value="1" type="hidden" name="giftListItemArea55" id="giftListItemArea55"><input value=" " type="hidden" name="_D:giftListItemArea55"><input value="0110201550700478___" type="hidden" name="productId55" id="productId55"><input value=" " type="hidden" name="_D:productId55"><input value="ninguno" type="hidden" name="brokenStockPolicy55" id="brokenStockPolicy55"><input value=" " type="hidden" name="_D:brokenStockPolicy55"><input value="ninguno" type="hidden" name="giftListItemBrokenStockPolicy55" id="giftListItemBrokenStockPolicy55"><input value=" " type="hidden" name="_D:giftListItemBrokenStockPolicy55">
<td class="cart_product" headers="c1 r2">
<div class="cart_product_img">
<a href="#" title="" onclick="openOnlyUnitsPopup('gi19920037', 55, '0110201550700478___','MIS_LISTAS'); return false;">
<img src="http://sgfm.elcorteingles.es/SGFM/00/47/8/0201550700478/0201550700478000x01011.jpg" alt=""></img> </a>
</div>
<div class="cart_product_txt">
<h3>
<a href="#" title="" id="item55" onclick="openOnlyUnitsPopup('gi19920037', 55, '0110201550700478___','MIS_LISTAS'); return false;">
<span>GILLETTE FUSION recambio de maquinilla de afeitar estuche 4 unidades</span>
</a>
</h3>
<p class="clear txt_descuento">
</p>
</div>
</td> 
<td headers="c2 r2">
<img width="21" height="21" title="¡Hemos bajado los precios!" class="simbolo_1" src="http://sgfm.elcorteingles.es/SGFM/supermarket/tematicos/es/011_bajamos_precios.gif" border="0" alt="¡Hemos bajado los precios!"></img>&nbsp;
</td> 
<td headers="c3 r2">
<div class="antes" style="margin-left: 0.8em;height:1.3em; text-decoration: line-through;"></div>
<div class="compra_product">
<div class="precio_product" style="width:">
<p class="ahora"><span>
13,85 &euro;</span></p>
<div class="precio_kg clear"> (3,46 &euro; / Unidad)</div>
</div>
</td>
<td headers="c4 r2">
<input value="0110201550700478___" type="hidden" name="catalogRefId55" id="catalogRefId55"><input value=" " type="hidden" name="_D:catalogRefId55"><input value="0110201550700478___" type="hidden" name="giftListItemCatalogRefId55" id="giftListItemCatalogRefId55"><input value=" " type="hidden" name="_D:giftListItemCatalogRefId55"><input value="0110201550700478___" type="hidden" name="productId55" id="productId55"><input value=" " type="hidden" name="_D:productId55"><input value="0110201550700478___" type="hidden" name="giftListItemProductId55" id="giftListItemProductId55"><input value=" " type="hidden" name="_D:giftListItemProductId55"><input value="supermarket" type="hidden" name="/atg/commerce/order/purchase/CartModifierFormHandler.itemsAux[55].value.originCatalogue"><input value=" " type="hidden" name="_D:/atg/commerce/order/purchase/CartModifierFormHandler.itemsAux[55].value.originCatalogue"><input value="supermarket" type="hidden" name="/eci/supermarket/commerce/gifts/WishListsFormHandler.items[55].value.originCatalogue"><input value=" " type="hidden" name="_D:/eci/supermarket/commerce/gifts/WishListsFormHandler.items[55].value.originCatalogue"><input value="MIS_LISTAS" type="hidden" name="/atg/commerce/order/purchase/CartModifierFormHandler.itemsAux[55].value.boughtFrom"><input value=" " type="hidden" name="_D:/atg/commerce/order/purchase/CartModifierFormHandler.itemsAux[55].value.boughtFrom"><input value="MIS_LISTAS" type="hidden" name="/eci/supermarket/commerce/gifts/WishListsFormHandler.items[55].value.boughtFrom"><input value=" " type="hidden" name="_D:/eci/supermarket/commerce/gifts/WishListsFormHandler.items[55].value.boughtFrom"><input value="unit" type="hidden" name="saleType55" id="saleType55"><input value=" " type="hidden" name="_D:saleType55"><input value="unit" type="hidden" name="giftListItemSaleType55" id="giftListItemSaleType55"><input value=" " type="hidden" name="_D:giftListItemSaleType55"> <table>
<tr>
<td rowspan="2" style="border:none">
<div class="caja_cantidad_shopping_cart">
<input value="1" onkeyup="javascript:updateOnlyUnits(event, 55, false, 'Especifique la cantidad de producto');" maxlength="3" type="text" align="absMiddle" style="font-size: 110%; font-family: MS Shell Dlg; text-align: center;" size="3" name="quantity55" id="quantity55"><input value=" " type="hidden" name="_D:quantity55"> </div>
</td>
<input value="0" type="hidden" name="giftListItemQuantity55" id="giftListItemQuantity55"><input value=" " type="hidden" name="_D:giftListItemQuantity55"> <input type="hidden" id='quantity_h55' name='quantity_h55' value='1' />
<td rowspan="2" style="border:none"><img width="4" height="10" src="/hipercor/static/sm2/img/elementos/nada.gif" border="0"></img></td>
<td valign="bottom"><img width="13" height="9" style="cursor: pointer" onclick="incrementOnlyUnits(55, false);" src="/hipercor/static/sm2/img/productos/mas.gif" border="0"></img></td>
<td rowspan="2" style="border:none"><img width="5" height="10" src="/hipercor/static/sm2/img/elementos/nada.gif" border="0"></img></td>
</tr>
<tr>
<td valign="top"><img style="cursor: pointer; float:left;" onclick="decrementOnlyUnits(55, false);" src="/hipercor/static/sm2/img/productos/menos.gif" border="0"></img></td>
</tr>
</table>
<input type="hidden" name="preparationType" id="preparationType" value="" />
</td> 
<td headers="c6 r2">
<div class="product_anadir">
<input type="checkbox" id='0110201550700478____checkbox' name="0110201550700478____checkbox" value="0110201550700478___" checked="checked"/>
</div>
</td>
</tr>
<tr>
<input value="3" type="hidden" name="area56" id="area56"><input value=" " type="hidden" name="_D:area56"><input value="3" type="hidden" name="giftListItemArea56" id="giftListItemArea56"><input value=" " type="hidden" name="_D:giftListItemArea56"><input value="0110201555101805___" type="hidden" name="productId56" id="productId56"><input value=" " type="hidden" name="_D:productId56"><input value="ninguno" type="hidden" name="brokenStockPolicy56" id="brokenStockPolicy56"><input value=" " type="hidden" name="_D:brokenStockPolicy56"><input value="ninguno" type="hidden" name="giftListItemBrokenStockPolicy56" id="giftListItemBrokenStockPolicy56"><input value=" " type="hidden" name="_D:giftListItemBrokenStockPolicy56">
<td class="cart_product" headers="c1 r2">
<div class="cart_product_img">
<a href="#" title="" onclick="openOnlyUnitsPopup('gi19920057', 56, '0110201555101805___','MIS_LISTAS'); return false;">
<img src="http://sgfm.elcorteingles.es/SGFM/01/80/5/0201555101805/0201555101805000x01011.jpg" alt=""></img> </a>
</div>
<div class="cart_product_txt">
<h3>
<a href="#" title="" id="item56" onclick="openOnlyUnitsPopup('gi19920057', 56, '0110201555101805___','MIS_LISTAS'); return false;">
<span>SANEX Men desodorante roll-on dermo Extra Cool anti-transpirante 24h sin alcohol envase 45 ml</span>
</a>
</h3>
<p class="clear txt_descuento">
</p>
</div>
</td> 
<td headers="c2 r2">
&nbsp;
</td> 
<td headers="c3 r2">
<div class="antes" style="margin-left: 0.8em;height:1.3em; text-decoration: line-through;"></div>
<div class="compra_product">
<div class="precio_product" style="width:">
<p class="ahora"><span>
1,95 &euro;</span></p>
<div class="precio_kg clear"> (4,33 &euro; / 100 ml.)</div>
</div>
</td>
<td headers="c4 r2">
<input value="0110201555101805___" type="hidden" name="catalogRefId56" id="catalogRefId56"><input value=" " type="hidden" name="_D:catalogRefId56"><input value="0110201555101805___" type="hidden" name="giftListItemCatalogRefId56" id="giftListItemCatalogRefId56"><input value=" " type="hidden" name="_D:giftListItemCatalogRefId56"><input value="0110201555101805___" type="hidden" name="productId56" id="productId56"><input value=" " type="hidden" name="_D:productId56"><input value="0110201555101805___" type="hidden" name="giftListItemProductId56" id="giftListItemProductId56"><input value=" " type="hidden" name="_D:giftListItemProductId56"><input value="supermarket" type="hidden" name="/atg/commerce/order/purchase/CartModifierFormHandler.itemsAux[56].value.originCatalogue"><input value=" " type="hidden" name="_D:/atg/commerce/order/purchase/CartModifierFormHandler.itemsAux[56].value.originCatalogue"><input value="supermarket" type="hidden" name="/eci/supermarket/commerce/gifts/WishListsFormHandler.items[56].value.originCatalogue"><input value=" " type="hidden" name="_D:/eci/supermarket/commerce/gifts/WishListsFormHandler.items[56].value.originCatalogue"><input value="MIS_LISTAS" type="hidden" name="/atg/commerce/order/purchase/CartModifierFormHandler.itemsAux[56].value.boughtFrom"><input value=" " type="hidden" name="_D:/atg/commerce/order/purchase/CartModifierFormHandler.itemsAux[56].value.boughtFrom"><input value="MIS_LISTAS" type="hidden" name="/eci/supermarket/commerce/gifts/WishListsFormHandler.items[56].value.boughtFrom"><input value=" " type="hidden" name="_D:/eci/supermarket/commerce/gifts/WishListsFormHandler.items[56].value.boughtFrom"><input value="unit" type="hidden" name="saleType56" id="saleType56"><input value=" " type="hidden" name="_D:saleType56"><input value="unit" type="hidden" name="giftListItemSaleType56" id="giftListItemSaleType56"><input value=" " type="hidden" name="_D:giftListItemSaleType56"> <table>
<tr>
<td rowspan="2" style="border:none">
<div class="caja_cantidad_shopping_cart">
<input value="1" onkeyup="javascript:updateOnlyUnits(event, 56, false, 'Especifique la cantidad de producto');" maxlength="3" type="text" align="absMiddle" style="font-size: 110%; font-family: MS Shell Dlg; text-align: center;" size="3" name="quantity56" id="quantity56"><input value=" " type="hidden" name="_D:quantity56"> </div>
</td>
<input value="0" type="hidden" name="giftListItemQuantity56" id="giftListItemQuantity56"><input value=" " type="hidden" name="_D:giftListItemQuantity56"> <input type="hidden" id='quantity_h56' name='quantity_h56' value='1' />
<td rowspan="2" style="border:none"><img width="4" height="10" src="/hipercor/static/sm2/img/elementos/nada.gif" border="0"></img></td>
<td valign="bottom"><img width="13" height="9" style="cursor: pointer" onclick="incrementOnlyUnits(56, false);" src="/hipercor/static/sm2/img/productos/mas.gif" border="0"></img></td>
<td rowspan="2" style="border:none"><img width="5" height="10" src="/hipercor/static/sm2/img/elementos/nada.gif" border="0"></img></td>
</tr>
<tr>
<td valign="top"><img style="cursor: pointer; float:left;" onclick="decrementOnlyUnits(56, false);" src="/hipercor/static/sm2/img/productos/menos.gif" border="0"></img></td>
</tr>
</table>
<input type="hidden" name="preparationType" id="preparationType" value="" />
</td> 
<td headers="c6 r2">
<div class="product_anadir">
<input type="checkbox" id='0110201555101805____checkbox' name="0110201555101805____checkbox" value="0110201555101805___" checked="checked"/>
</div>
</td>
</tr>
<tr>
<input value="3" type="hidden" name="area57" id="area57"><input value=" " type="hidden" name="_D:area57"><input value="3" type="hidden" name="giftListItemArea57" id="giftListItemArea57"><input value=" " type="hidden" name="_D:giftListItemArea57"><input value="0110201554200624___" type="hidden" name="productId57" id="productId57"><input value=" " type="hidden" name="_D:productId57"><input value="ninguno" type="hidden" name="brokenStockPolicy57" id="brokenStockPolicy57"><input value=" " type="hidden" name="_D:brokenStockPolicy57"><input value="ninguno" type="hidden" name="giftListItemBrokenStockPolicy57" id="giftListItemBrokenStockPolicy57"><input value=" " type="hidden" name="_D:giftListItemBrokenStockPolicy57">
<td class="cart_product" headers="c1 r2">
<div class="cart_product_img">
<a href="#" title="" onclick="openOnlyUnitsPopup('gi21103571', 57, '0110201554200624___','MIS_LISTAS'); return false;">
<img src="http://sgfm.elcorteingles.es/SGFM/00/62/4/0201554200624/0201554200624000x01011.jpg" alt=""></img> </a>
</div>
<div class="cart_product_txt">
<h3>
<a href="#" title="" id="item57" onclick="openOnlyUnitsPopup('gi21103571', 57, '0110201554200624___','MIS_LISTAS'); return false;">
<span>SANEX gel Dermoprotector Zero% piel normal bote 600 ml</span>
</a>
</h3>
<p class="clear txt_descuento">
</p>
</div>
</td> 
<td headers="c2 r2">
<img width="21" height="21" title="¡Hemos bajado los precios!" class="simbolo_1" src="http://sgfm.elcorteingles.es/SGFM/supermarket/tematicos/es/011_bajamos_precios.gif" border="0" alt="¡Hemos bajado los precios!"></img>&nbsp;
</td> 
<td headers="c3 r2">
<div class="antes" style="margin-left: 0.8em;height:1.3em; text-decoration: line-through;"></div>
<div class="compra_product">
<div class="precio_product" style="width:">
<p class="ahora"><span>
1,98 &euro;</span></p>
<div class="precio_kg clear"> (0,33 &euro; / 100 ml.)</div>
</div>
</td>
<td headers="c4 r2">
<input value="0110201554200624___" type="hidden" name="catalogRefId57" id="catalogRefId57"><input value=" " type="hidden" name="_D:catalogRefId57"><input value="0110201554200624___" type="hidden" name="giftListItemCatalogRefId57" id="giftListItemCatalogRefId57"><input value=" " type="hidden" name="_D:giftListItemCatalogRefId57"><input value="0110201554200624___" type="hidden" name="productId57" id="productId57"><input value=" " type="hidden" name="_D:productId57"><input value="0110201554200624___" type="hidden" name="giftListItemProductId57" id="giftListItemProductId57"><input value=" " type="hidden" name="_D:giftListItemProductId57"><input value="supermarket" type="hidden" name="/atg/commerce/order/purchase/CartModifierFormHandler.itemsAux[57].value.originCatalogue"><input value=" " type="hidden" name="_D:/atg/commerce/order/purchase/CartModifierFormHandler.itemsAux[57].value.originCatalogue"><input value="supermarket" type="hidden" name="/eci/supermarket/commerce/gifts/WishListsFormHandler.items[57].value.originCatalogue"><input value=" " type="hidden" name="_D:/eci/supermarket/commerce/gifts/WishListsFormHandler.items[57].value.originCatalogue"><input value="MIS_LISTAS" type="hidden" name="/atg/commerce/order/purchase/CartModifierFormHandler.itemsAux[57].value.boughtFrom"><input value=" " type="hidden" name="_D:/atg/commerce/order/purchase/CartModifierFormHandler.itemsAux[57].value.boughtFrom"><input value="MIS_LISTAS" type="hidden" name="/eci/supermarket/commerce/gifts/WishListsFormHandler.items[57].value.boughtFrom"><input value=" " type="hidden" name="_D:/eci/supermarket/commerce/gifts/WishListsFormHandler.items[57].value.boughtFrom"><input value="unit" type="hidden" name="saleType57" id="saleType57"><input value=" " type="hidden" name="_D:saleType57"><input value="unit" type="hidden" name="giftListItemSaleType57" id="giftListItemSaleType57"><input value=" " type="hidden" name="_D:giftListItemSaleType57"> <table>
<tr>
<td rowspan="2" style="border:none">
<div class="caja_cantidad_shopping_cart">
<input value="1" onkeyup="javascript:updateOnlyUnits(event, 57, false, 'Especifique la cantidad de producto');" maxlength="3" type="text" align="absMiddle" style="font-size: 110%; font-family: MS Shell Dlg; text-align: center;" size="3" name="quantity57" id="quantity57"><input value=" " type="hidden" name="_D:quantity57"> </div>
</td>
<input value="0" type="hidden" name="giftListItemQuantity57" id="giftListItemQuantity57"><input value=" " type="hidden" name="_D:giftListItemQuantity57"> <input type="hidden" id='quantity_h57' name='quantity_h57' value='1' />
<td rowspan="2" style="border:none"><img width="4" height="10" src="/hipercor/static/sm2/img/elementos/nada.gif" border="0"></img></td>
<td valign="bottom"><img width="13" height="9" style="cursor: pointer" onclick="incrementOnlyUnits(57, false);" src="/hipercor/static/sm2/img/productos/mas.gif" border="0"></img></td>
<td rowspan="2" style="border:none"><img width="5" height="10" src="/hipercor/static/sm2/img/elementos/nada.gif" border="0"></img></td>
</tr>
<tr>
<td valign="top"><img style="cursor: pointer; float:left;" onclick="decrementOnlyUnits(57, false);" src="/hipercor/static/sm2/img/productos/menos.gif" border="0"></img></td>
</tr>
</table>
<input type="hidden" name="preparationType" id="preparationType" value="" />
</td> 
<td headers="c6 r2">
<div class="product_anadir">
<input type="checkbox" id='0110201554200624____checkbox' name="0110201554200624____checkbox" value="0110201554200624___" checked="checked"/>
</div>
</td>
</tr>
<tr>
<input value="3" type="hidden" name="area58" id="area58"><input value=" " type="hidden" name="_D:area58"><input value="3" type="hidden" name="giftListItemArea58" id="giftListItemArea58"><input value=" " type="hidden" name="_D:giftListItemArea58"><input value="0110201554200681___" type="hidden" name="productId58" id="productId58"><input value=" " type="hidden" name="_D:productId58"><input value="ninguno" type="hidden" name="brokenStockPolicy58" id="brokenStockPolicy58"><input value=" " type="hidden" name="_D:brokenStockPolicy58"><input value="ninguno" type="hidden" name="giftListItemBrokenStockPolicy58" id="giftListItemBrokenStockPolicy58"><input value=" " type="hidden" name="_D:giftListItemBrokenStockPolicy58">
<td class="cart_product" headers="c1 r2">
<div class="cart_product_img">
<a href="#" title="" onclick="openOnlyUnitsPopup('gi21103572', 58, '0110201554200681___','MIS_LISTAS'); return false;">
<img src="http://sgfm.elcorteingles.es/SGFM/00/68/1/0201554200681/0201554200681000x01011.jpg" alt=""></img> </a>
</div>
<div class="cart_product_txt">
<h3>
<a href="#" title="" id="item58" onclick="openOnlyUnitsPopup('gi21103572', 58, '0110201554200681___','MIS_LISTAS'); return false;">
<span>SANEX gel dermoprotector piel normal Zero % eco pack recambio bolsa 1200 ml</span>
</a>
</h3>
<p class="clear txt_descuento">
</p>
</div>
</td> 
<td headers="c2 r2">
<img width="21" height="21" title="¡Hemos bajado los precios!" class="simbolo_1" src="http://sgfm.elcorteingles.es/SGFM/supermarket/tematicos/es/011_bajamos_precios.gif" border="0" alt="¡Hemos bajado los precios!"></img>&nbsp;
</td> 
<td headers="c3 r2">
<div class="antes" style="margin-left: 0.8em;height:1.3em; text-decoration: line-through;"></div>
<div class="compra_product">
<div class="precio_product" style="width:">
<p class="ahora"><span>
2,85 &euro;</span></p>
<div class="precio_kg clear"> (0,24 &euro; / 100 ml.)</div>
</div>
</td>
<td headers="c4 r2">
<input value="0110201554200681___" type="hidden" name="catalogRefId58" id="catalogRefId58"><input value=" " type="hidden" name="_D:catalogRefId58"><input value="0110201554200681___" type="hidden" name="giftListItemCatalogRefId58" id="giftListItemCatalogRefId58"><input value=" " type="hidden" name="_D:giftListItemCatalogRefId58"><input value="0110201554200681___" type="hidden" name="productId58" id="productId58"><input value=" " type="hidden" name="_D:productId58"><input value="0110201554200681___" type="hidden" name="giftListItemProductId58" id="giftListItemProductId58"><input value=" " type="hidden" name="_D:giftListItemProductId58"><input value="supermarket" type="hidden" name="/atg/commerce/order/purchase/CartModifierFormHandler.itemsAux[58].value.originCatalogue"><input value=" " type="hidden" name="_D:/atg/commerce/order/purchase/CartModifierFormHandler.itemsAux[58].value.originCatalogue"><input value="supermarket" type="hidden" name="/eci/supermarket/commerce/gifts/WishListsFormHandler.items[58].value.originCatalogue"><input value=" " type="hidden" name="_D:/eci/supermarket/commerce/gifts/WishListsFormHandler.items[58].value.originCatalogue"><input value="MIS_LISTAS" type="hidden" name="/atg/commerce/order/purchase/CartModifierFormHandler.itemsAux[58].value.boughtFrom"><input value=" " type="hidden" name="_D:/atg/commerce/order/purchase/CartModifierFormHandler.itemsAux[58].value.boughtFrom"><input value="MIS_LISTAS" type="hidden" name="/eci/supermarket/commerce/gifts/WishListsFormHandler.items[58].value.boughtFrom"><input value=" " type="hidden" name="_D:/eci/supermarket/commerce/gifts/WishListsFormHandler.items[58].value.boughtFrom"><input value="unit" type="hidden" name="saleType58" id="saleType58"><input value=" " type="hidden" name="_D:saleType58"><input value="unit" type="hidden" name="giftListItemSaleType58" id="giftListItemSaleType58"><input value=" " type="hidden" name="_D:giftListItemSaleType58"> <table>
<tr>
<td rowspan="2" style="border:none">
<div class="caja_cantidad_shopping_cart">
<input value="1" onkeyup="javascript:updateOnlyUnits(event, 58, false, 'Especifique la cantidad de producto');" maxlength="3" type="text" align="absMiddle" style="font-size: 110%; font-family: MS Shell Dlg; text-align: center;" size="3" name="quantity58" id="quantity58"><input value=" " type="hidden" name="_D:quantity58"> </div>
</td>
<input value="0" type="hidden" name="giftListItemQuantity58" id="giftListItemQuantity58"><input value=" " type="hidden" name="_D:giftListItemQuantity58"> <input type="hidden" id='quantity_h58' name='quantity_h58' value='1' />
<td rowspan="2" style="border:none"><img width="4" height="10" src="/hipercor/static/sm2/img/elementos/nada.gif" border="0"></img></td>
<td valign="bottom"><img width="13" height="9" style="cursor: pointer" onclick="incrementOnlyUnits(58, false);" src="/hipercor/static/sm2/img/productos/mas.gif" border="0"></img></td>
<td rowspan="2" style="border:none"><img width="5" height="10" src="/hipercor/static/sm2/img/elementos/nada.gif" border="0"></img></td>
</tr>
<tr>
<td valign="top"><img style="cursor: pointer; float:left;" onclick="decrementOnlyUnits(58, false);" src="/hipercor/static/sm2/img/productos/menos.gif" border="0"></img></td>
</tr>
</table>
<input type="hidden" name="preparationType" id="preparationType" value="" />
</td> 
<td headers="c6 r2">
<div class="product_anadir">
<input type="checkbox" id='0110201554200681____checkbox' name="0110201554200681____checkbox" value="0110201554200681___" checked="checked"/>
</div>
</td>
</tr>
<tr>
<input value="1" type="hidden" name="area59" id="area59"><input value=" " type="hidden" name="_D:area59"><input value="1" type="hidden" name="giftListItemArea59" id="giftListItemArea59"><input value=" " type="hidden" name="_D:giftListItemArea59"><input value="0110201540300033___" type="hidden" name="productId59" id="productId59"><input value=" " type="hidden" name="_D:productId59"><input value="ninguno" type="hidden" name="brokenStockPolicy59" id="brokenStockPolicy59"><input value=" " type="hidden" name="_D:brokenStockPolicy59"><input value="ninguno" type="hidden" name="giftListItemBrokenStockPolicy59" id="giftListItemBrokenStockPolicy59"><input value=" " type="hidden" name="_D:giftListItemBrokenStockPolicy59">
<td class="cart_product" headers="c1 r2">
<div class="cart_product_img">
<a href="#" title="" onclick="openOnlyUnitsPopup('gi21103575', 59, '0110201540300033___','MIS_LISTAS'); return false;">
<img src="http://sgfm.elcorteingles.es/SGFM/00/03/3/0201540300033/0201540300033000x01011.jpg" alt=""></img> </a>
</div>
<div class="cart_product_txt">
<h3>
<a href="#" title="" id="item59" onclick="openOnlyUnitsPopup('gi21103575', 59, '0110201540300033___','MIS_LISTAS'); return false;">
<span>H&amp;S champú anticaspa refrescante con mentol natural frasco 500 ml</span>
</a>
</h3>
<p class="clear txt_descuento">
</p>
</div>
</td> 
<td headers="c2 r2">
&nbsp;
</td> 
<td headers="c3 r2">
<div class="antes" style="margin-left: 0.8em;height:1.3em; text-decoration: line-through;"></div>
<div class="compra_product">
<div class="precio_product" style="width:">
<p class="ahora"><span>
6,59 &euro;</span></p>
<div class="precio_kg clear"> (1,32 &euro; / 100 ml.)</div>
</div>
</td>
<td headers="c4 r2">
<input value="0110201540300033___" type="hidden" name="catalogRefId59" id="catalogRefId59"><input value=" " type="hidden" name="_D:catalogRefId59"><input value="0110201540300033___" type="hidden" name="giftListItemCatalogRefId59" id="giftListItemCatalogRefId59"><input value=" " type="hidden" name="_D:giftListItemCatalogRefId59"><input value="0110201540300033___" type="hidden" name="productId59" id="productId59"><input value=" " type="hidden" name="_D:productId59"><input value="0110201540300033___" type="hidden" name="giftListItemProductId59" id="giftListItemProductId59"><input value=" " type="hidden" name="_D:giftListItemProductId59"><input value="supermarket" type="hidden" name="/atg/commerce/order/purchase/CartModifierFormHandler.itemsAux[59].value.originCatalogue"><input value=" " type="hidden" name="_D:/atg/commerce/order/purchase/CartModifierFormHandler.itemsAux[59].value.originCatalogue"><input value="supermarket" type="hidden" name="/eci/supermarket/commerce/gifts/WishListsFormHandler.items[59].value.originCatalogue"><input value=" " type="hidden" name="_D:/eci/supermarket/commerce/gifts/WishListsFormHandler.items[59].value.originCatalogue"><input value="MIS_LISTAS" type="hidden" name="/atg/commerce/order/purchase/CartModifierFormHandler.itemsAux[59].value.boughtFrom"><input value=" " type="hidden" name="_D:/atg/commerce/order/purchase/CartModifierFormHandler.itemsAux[59].value.boughtFrom"><input value="MIS_LISTAS" type="hidden" name="/eci/supermarket/commerce/gifts/WishListsFormHandler.items[59].value.boughtFrom"><input value=" " type="hidden" name="_D:/eci/supermarket/commerce/gifts/WishListsFormHandler.items[59].value.boughtFrom"><input value="unit" type="hidden" name="saleType59" id="saleType59"><input value=" " type="hidden" name="_D:saleType59"><input value="unit" type="hidden" name="giftListItemSaleType59" id="giftListItemSaleType59"><input value=" " type="hidden" name="_D:giftListItemSaleType59"> <table>
<tr>
<td rowspan="2" style="border:none">
<div class="caja_cantidad_shopping_cart">
<input value="1" onkeyup="javascript:updateOnlyUnits(event, 59, false, 'Especifique la cantidad de producto');" maxlength="3" type="text" align="absMiddle" style="font-size: 110%; font-family: MS Shell Dlg; text-align: center;" size="3" name="quantity59" id="quantity59"><input value=" " type="hidden" name="_D:quantity59"> </div>
</td>
<input value="0" type="hidden" name="giftListItemQuantity59" id="giftListItemQuantity59"><input value=" " type="hidden" name="_D:giftListItemQuantity59"> <input type="hidden" id='quantity_h59' name='quantity_h59' value='1' />
<td rowspan="2" style="border:none"><img width="4" height="10" src="/hipercor/static/sm2/img/elementos/nada.gif" border="0"></img></td>
<td valign="bottom"><img width="13" height="9" style="cursor: pointer" onclick="incrementOnlyUnits(59, false);" src="/hipercor/static/sm2/img/productos/mas.gif" border="0"></img></td>
<td rowspan="2" style="border:none"><img width="5" height="10" src="/hipercor/static/sm2/img/elementos/nada.gif" border="0"></img></td>
</tr>
<tr>
<td valign="top"><img style="cursor: pointer; float:left;" onclick="decrementOnlyUnits(59, false);" src="/hipercor/static/sm2/img/productos/menos.gif" border="0"></img></td>
</tr>
</table>
<input type="hidden" name="preparationType" id="preparationType" value="" />
</td> 
<td headers="c6 r2">
<div class="product_anadir">
<input type="checkbox" id='0110201540300033____checkbox' name="0110201540300033____checkbox" value="0110201540300033___" checked="checked"/>
</div>
</td>
</tr>
<tr>
<input value="3" type="hidden" name="area60" id="area60"><input value=" " type="hidden" name="_D:area60"><input value="3" type="hidden" name="giftListItemArea60" id="giftListItemArea60"><input value=" " type="hidden" name="_D:giftListItemArea60"><input value="0110201555101573___" type="hidden" name="productId60" id="productId60"><input value=" " type="hidden" name="_D:productId60"><input value="ninguno" type="hidden" name="brokenStockPolicy60" id="brokenStockPolicy60"><input value=" " type="hidden" name="_D:brokenStockPolicy60"><input value="ninguno" type="hidden" name="giftListItemBrokenStockPolicy60" id="giftListItemBrokenStockPolicy60"><input value=" " type="hidden" name="_D:giftListItemBrokenStockPolicy60">
<td class="cart_product" headers="c1 r2">
<div class="cart_product_img">
<a href="#" title="" onclick="openOnlyUnitsPopup('gi21103577', 60, '0110201555101573___','MIS_LISTAS'); return false;">
<img src="http://sgfm.elcorteingles.es/SGFM/01/57/3/0201555101573/0201555101573000x01011.jpg" alt=""></img> </a>
</div>
<div class="cart_product_txt">
<h3>
<a href="#" title="" id="item60" onclick="openOnlyUnitsPopup('gi21103577', 60, '0110201555101573___','MIS_LISTAS'); return false;">
<span>SANEX For men desodorante roll on dermo Active control sin alcohol envase 45 ml</span>
</a>
</h3>
<p class="clear txt_descuento">
</p>
</div>
</td> 
<td headers="c2 r2">
&nbsp;
</td> 
<td headers="c3 r2">
<div class="antes" style="margin-left: 0.8em;height:1.3em; text-decoration: line-through;"></div>
<div class="compra_product">
<div class="precio_product" style="width:">
<p class="ahora"><span>
1,95 &euro;</span></p>
<div class="precio_kg clear"> (4,33 &euro; / 100 ml.)</div>
</div>
</td>
<td headers="c4 r2">
<input value="0110201555101573___" type="hidden" name="catalogRefId60" id="catalogRefId60"><input value=" " type="hidden" name="_D:catalogRefId60"><input value="0110201555101573___" type="hidden" name="giftListItemCatalogRefId60" id="giftListItemCatalogRefId60"><input value=" " type="hidden" name="_D:giftListItemCatalogRefId60"><input value="0110201555101573___" type="hidden" name="productId60" id="productId60"><input value=" " type="hidden" name="_D:productId60"><input value="0110201555101573___" type="hidden" name="giftListItemProductId60" id="giftListItemProductId60"><input value=" " type="hidden" name="_D:giftListItemProductId60"><input value="supermarket" type="hidden" name="/atg/commerce/order/purchase/CartModifierFormHandler.itemsAux[60].value.originCatalogue"><input value=" " type="hidden" name="_D:/atg/commerce/order/purchase/CartModifierFormHandler.itemsAux[60].value.originCatalogue"><input value="supermarket" type="hidden" name="/eci/supermarket/commerce/gifts/WishListsFormHandler.items[60].value.originCatalogue"><input value=" " type="hidden" name="_D:/eci/supermarket/commerce/gifts/WishListsFormHandler.items[60].value.originCatalogue"><input value="MIS_LISTAS" type="hidden" name="/atg/commerce/order/purchase/CartModifierFormHandler.itemsAux[60].value.boughtFrom"><input value=" " type="hidden" name="_D:/atg/commerce/order/purchase/CartModifierFormHandler.itemsAux[60].value.boughtFrom"><input value="MIS_LISTAS" type="hidden" name="/eci/supermarket/commerce/gifts/WishListsFormHandler.items[60].value.boughtFrom"><input value=" " type="hidden" name="_D:/eci/supermarket/commerce/gifts/WishListsFormHandler.items[60].value.boughtFrom"><input value="unit" type="hidden" name="saleType60" id="saleType60"><input value=" " type="hidden" name="_D:saleType60"><input value="unit" type="hidden" name="giftListItemSaleType60" id="giftListItemSaleType60"><input value=" " type="hidden" name="_D:giftListItemSaleType60"> <table>
<tr>
<td rowspan="2" style="border:none">
<div class="caja_cantidad_shopping_cart">
<input value="1" onkeyup="javascript:updateOnlyUnits(event, 60, false, 'Especifique la cantidad de producto');" maxlength="3" type="text" align="absMiddle" style="font-size: 110%; font-family: MS Shell Dlg; text-align: center;" size="3" name="quantity60" id="quantity60"><input value=" " type="hidden" name="_D:quantity60"> </div>
</td>
<input value="0" type="hidden" name="giftListItemQuantity60" id="giftListItemQuantity60"><input value=" " type="hidden" name="_D:giftListItemQuantity60"> <input type="hidden" id='quantity_h60' name='quantity_h60' value='1' />
<td rowspan="2" style="border:none"><img width="4" height="10" src="/hipercor/static/sm2/img/elementos/nada.gif" border="0"></img></td>
<td valign="bottom"><img width="13" height="9" style="cursor: pointer" onclick="incrementOnlyUnits(60, false);" src="/hipercor/static/sm2/img/productos/mas.gif" border="0"></img></td>
<td rowspan="2" style="border:none"><img width="5" height="10" src="/hipercor/static/sm2/img/elementos/nada.gif" border="0"></img></td>
</tr>
<tr>
<td valign="top"><img style="cursor: pointer; float:left;" onclick="decrementOnlyUnits(60, false);" src="/hipercor/static/sm2/img/productos/menos.gif" border="0"></img></td>
</tr>
</table>
<input type="hidden" name="preparationType" id="preparationType" value="" />
</td> 
<td headers="c6 r2">
<div class="product_anadir">
<input type="checkbox" id='0110201555101573____checkbox' name="0110201555101573____checkbox" value="0110201555101573___" checked="checked"/>
</div>
</td>
</tr>
<tr class="fila_categoria">
<th class="tit_categoria" id="r2" colspan="5"><h2> Lácteos</h2></th>
</tr>
<tr>
<input value="1" type="hidden" name="area61" id="area61"><input value=" " type="hidden" name="_D:area61"><input value="1" type="hidden" name="giftListItemArea61" id="giftListItemArea61"><input value=" " type="hidden" name="_D:giftListItemArea61"><input value="0110200412200461___" type="hidden" name="productId61" id="productId61"><input value=" " type="hidden" name="_D:productId61"><input value="ninguno" type="hidden" name="brokenStockPolicy61" id="brokenStockPolicy61"><input value=" " type="hidden" name="_D:brokenStockPolicy61"><input value="ninguno" type="hidden" name="giftListItemBrokenStockPolicy61" id="giftListItemBrokenStockPolicy61"><input value=" " type="hidden" name="_D:giftListItemBrokenStockPolicy61">
<td class="cart_product" headers="c1 r2">
<div class="cart_product_img">
<a href="#" title="" onclick="openOnlyUnitsPopup('gi19680701', 61, '0110200412200461___','MIS_LISTAS'); return false;">
<img src="http://sgfm.elcorteingles.es/SGFM/00/46/1/0200412200461/0200412200461000x01011.jpg" alt=""></img> </a>
</div>
<div class="cart_product_txt">
<h3>
<a href="#" title="" id="item61" onclick="openOnlyUnitsPopup('gi19680701', 61, '0110200412200461___','MIS_LISTAS'); return false;">
<span>TIERRA DE SABOR leche semidesnatada de Castilla y León envase 1 l</span>
</a>
</h3>
<p class="clear txt_descuento">
</p>
</div>
</td> 
<td headers="c2 r2">
&nbsp;
</td> 
<td headers="c3 r2">
<div class="antes" style="margin-left: 0.8em;height:1.3em; text-decoration: line-through;"></div>
<div class="compra_product">
<div class="precio_product" style="width:">
<p class="ahora"><span>
0,8 &euro;</span></p>
<div class="precio_kg clear"> (0,8 &euro; / Litro)</div>
</div>
</td>
<td headers="c4 r2">
<input value="0110200412200461___" type="hidden" name="catalogRefId61" id="catalogRefId61"><input value=" " type="hidden" name="_D:catalogRefId61"><input value="0110200412200461___" type="hidden" name="giftListItemCatalogRefId61" id="giftListItemCatalogRefId61"><input value=" " type="hidden" name="_D:giftListItemCatalogRefId61"><input value="0110200412200461___" type="hidden" name="productId61" id="productId61"><input value=" " type="hidden" name="_D:productId61"><input value="0110200412200461___" type="hidden" name="giftListItemProductId61" id="giftListItemProductId61"><input value=" " type="hidden" name="_D:giftListItemProductId61"><input value="supermarket" type="hidden" name="/atg/commerce/order/purchase/CartModifierFormHandler.itemsAux[61].value.originCatalogue"><input value=" " type="hidden" name="_D:/atg/commerce/order/purchase/CartModifierFormHandler.itemsAux[61].value.originCatalogue"><input value="supermarket" type="hidden" name="/eci/supermarket/commerce/gifts/WishListsFormHandler.items[61].value.originCatalogue"><input value=" " type="hidden" name="_D:/eci/supermarket/commerce/gifts/WishListsFormHandler.items[61].value.originCatalogue"><input value="MIS_LISTAS" type="hidden" name="/atg/commerce/order/purchase/CartModifierFormHandler.itemsAux[61].value.boughtFrom"><input value=" " type="hidden" name="_D:/atg/commerce/order/purchase/CartModifierFormHandler.itemsAux[61].value.boughtFrom"><input value="MIS_LISTAS" type="hidden" name="/eci/supermarket/commerce/gifts/WishListsFormHandler.items[61].value.boughtFrom"><input value=" " type="hidden" name="_D:/eci/supermarket/commerce/gifts/WishListsFormHandler.items[61].value.boughtFrom"><input value="unit" type="hidden" name="saleType61" id="saleType61"><input value=" " type="hidden" name="_D:saleType61"><input value="unit" type="hidden" name="giftListItemSaleType61" id="giftListItemSaleType61"><input value=" " type="hidden" name="_D:giftListItemSaleType61"> <table>
<tr>
<td rowspan="2" style="border:none">
<div class="caja_cantidad_shopping_cart">
<input value="1" onkeyup="javascript:updateOnlyUnits(event, 61, false, 'Especifique la cantidad de producto');" maxlength="3" type="text" align="absMiddle" style="font-size: 110%; font-family: MS Shell Dlg; text-align: center;" size="3" name="quantity61" id="quantity61"><input value=" " type="hidden" name="_D:quantity61"> </div>
</td>
<input value="0" type="hidden" name="giftListItemQuantity61" id="giftListItemQuantity61"><input value=" " type="hidden" name="_D:giftListItemQuantity61"> <input type="hidden" id='quantity_h61' name='quantity_h61' value='1' />
<td rowspan="2" style="border:none"><img width="4" height="10" src="/hipercor/static/sm2/img/elementos/nada.gif" border="0"></img></td>
<td valign="bottom"><img width="13" height="9" style="cursor: pointer" onclick="incrementOnlyUnits(61, false);" src="/hipercor/static/sm2/img/productos/mas.gif" border="0"></img></td>
<td rowspan="2" style="border:none"><img width="5" height="10" src="/hipercor/static/sm2/img/elementos/nada.gif" border="0"></img></td>
</tr>
<tr>
<td valign="top"><img style="cursor: pointer; float:left;" onclick="decrementOnlyUnits(61, false);" src="/hipercor/static/sm2/img/productos/menos.gif" border="0"></img></td>
</tr>
</table>
<input type="hidden" name="preparationType" id="preparationType" value="" />
</td> 
<td headers="c6 r2">
<div class="product_anadir">
<input type="checkbox" id='0110200412200461____checkbox' name="0110200412200461____checkbox" value="0110200412200461___" checked="checked"/>
</div>
</td>
</tr>
<tr>
<input value="1" type="hidden" name="area62" id="area62"><input value=" " type="hidden" name="_D:area62"><input value="1" type="hidden" name="giftListItemArea62" id="giftListItemArea62"><input value=" " type="hidden" name="_D:giftListItemArea62"><input value="0110200412200099___" type="hidden" name="productId62" id="productId62"><input value=" " type="hidden" name="_D:productId62"><input value="ninguno" type="hidden" name="brokenStockPolicy62" id="brokenStockPolicy62"><input value=" " type="hidden" name="_D:brokenStockPolicy62"><input value="ninguno" type="hidden" name="giftListItemBrokenStockPolicy62" id="giftListItemBrokenStockPolicy62"><input value=" " type="hidden" name="_D:giftListItemBrokenStockPolicy62">
<td class="cart_product" headers="c1 r2">
<div class="cart_product_img">
<a href="#" title="" onclick="openOnlyUnitsPopup('gi19680702', 62, '0110200412200099___','MIS_LISTAS'); return false;">
<img src="http://sgfm.elcorteingles.es/SGFM/00/09/9/0200412200099/0200412200099000x01011.jpg" alt=""></img> </a>
</div>
<div class="cart_product_txt">
<h3>
<a href="#" title="" id="item62" onclick="openOnlyUnitsPopup('gi19680702', 62, '0110200412200099___','MIS_LISTAS'); return false;">
<span>GAZA leche semidesnatada envase 1 l</span>
</a>
</h3>
<p class="clear txt_descuento">
<span class="titlePromo">
Lleva 6 y paga 5<!-- 2: Lleva 6 y paga 5 -->
</span><br/>
</p>
</div>
</td> 
<td headers="c2 r2">
&nbsp;
</td> 
<td headers="c3 r2">
<div class="antes" style="margin-left: 0.8em;height:1.3em; text-decoration: line-through;"></div>
<div class="compra_product">
<div class="precio_product" style="width:">
<p class="ahora"><span>
0,85 &euro;</span></p>
</div>
</td>
<td headers="c4 r2">
<input value="0110200412200099___" type="hidden" name="catalogRefId62" id="catalogRefId62"><input value=" " type="hidden" name="_D:catalogRefId62"><input value="0110200412200099___" type="hidden" name="giftListItemCatalogRefId62" id="giftListItemCatalogRefId62"><input value=" " type="hidden" name="_D:giftListItemCatalogRefId62"><input value="0110200412200099___" type="hidden" name="productId62" id="productId62"><input value=" " type="hidden" name="_D:productId62"><input value="0110200412200099___" type="hidden" name="giftListItemProductId62" id="giftListItemProductId62"><input value=" " type="hidden" name="_D:giftListItemProductId62"><input value="supermarket" type="hidden" name="/atg/commerce/order/purchase/CartModifierFormHandler.itemsAux[62].value.originCatalogue"><input value=" " type="hidden" name="_D:/atg/commerce/order/purchase/CartModifierFormHandler.itemsAux[62].value.originCatalogue"><input value="supermarket" type="hidden" name="/eci/supermarket/commerce/gifts/WishListsFormHandler.items[62].value.originCatalogue"><input value=" " type="hidden" name="_D:/eci/supermarket/commerce/gifts/WishListsFormHandler.items[62].value.originCatalogue"><input value="MIS_LISTAS" type="hidden" name="/atg/commerce/order/purchase/CartModifierFormHandler.itemsAux[62].value.boughtFrom"><input value=" " type="hidden" name="_D:/atg/commerce/order/purchase/CartModifierFormHandler.itemsAux[62].value.boughtFrom"><input value="MIS_LISTAS" type="hidden" name="/eci/supermarket/commerce/gifts/WishListsFormHandler.items[62].value.boughtFrom"><input value=" " type="hidden" name="_D:/eci/supermarket/commerce/gifts/WishListsFormHandler.items[62].value.boughtFrom"><input value="unit" type="hidden" name="saleType62" id="saleType62"><input value=" " type="hidden" name="_D:saleType62"><input value="unit" type="hidden" name="giftListItemSaleType62" id="giftListItemSaleType62"><input value=" " type="hidden" name="_D:giftListItemSaleType62"> <table>
<tr>
<td rowspan="2" style="border:none">
<div class="caja_cantidad_shopping_cart">
<input value="1" onkeyup="javascript:updateOnlyUnits(event, 62, false, 'Especifique la cantidad de producto');" maxlength="3" type="text" align="absMiddle" style="font-size: 110%; font-family: MS Shell Dlg; text-align: center;" size="3" name="quantity62" id="quantity62"><input value=" " type="hidden" name="_D:quantity62"> </div>
</td>
<input value="0" type="hidden" name="giftListItemQuantity62" id="giftListItemQuantity62"><input value=" " type="hidden" name="_D:giftListItemQuantity62"> <input type="hidden" id='quantity_h62' name='quantity_h62' value='1' />
<td rowspan="2" style="border:none"><img width="4" height="10" src="/hipercor/static/sm2/img/elementos/nada.gif" border="0"></img></td>
<td valign="bottom"><img width="13" height="9" style="cursor: pointer" onclick="incrementOnlyUnits(62, false);" src="/hipercor/static/sm2/img/productos/mas.gif" border="0"></img></td>
<td rowspan="2" style="border:none"><img width="5" height="10" src="/hipercor/static/sm2/img/elementos/nada.gif" border="0"></img></td>
</tr>
<tr>
<td valign="top"><img style="cursor: pointer; float:left;" onclick="decrementOnlyUnits(62, false);" src="/hipercor/static/sm2/img/productos/menos.gif" border="0"></img></td>
</tr>
</table>
<input type="hidden" name="preparationType" id="preparationType" value="" />
</td> 
<td headers="c6 r2">
<div class="product_anadir">
<input type="checkbox" id='0110200412200099____checkbox' name="0110200412200099____checkbox" value="0110200412200099___" checked="checked"/>
</div>
</td>
</tr>
<tr>
<input value="1" type="hidden" name="area63" id="area63"><input value=" " type="hidden" name="_D:area63"><input value="1" type="hidden" name="giftListItemArea63" id="giftListItemArea63"><input value=" " type="hidden" name="_D:giftListItemArea63"><input value="0110201020400501___" type="hidden" name="productId63" id="productId63"><input value=" " type="hidden" name="_D:productId63"><input value="ninguno" type="hidden" name="brokenStockPolicy63" id="brokenStockPolicy63"><input value=" " type="hidden" name="_D:brokenStockPolicy63"><input value="ninguno" type="hidden" name="giftListItemBrokenStockPolicy63" id="giftListItemBrokenStockPolicy63"><input value=" " type="hidden" name="_D:giftListItemBrokenStockPolicy63">
<td class="cart_product" headers="c1 r2">
<div class="cart_product_img">
<a href="#" title="" onclick="openOnlyUnitsPopup('gi19680755', 63, '0110201020400501___','MIS_LISTAS'); return false;">
<img src="http://sgfm.elcorteingles.es/SGFM/00/50/1/0201020400501/0201020400501000x01011.jpg" alt=""></img> </a>
</div>
<div class="cart_product_txt">
<h3>
<a href="#" title="" id="item63" onclick="openOnlyUnitsPopup('gi19680755', 63, '0110201020400501___','MIS_LISTAS'); return false;">
<span>NESTLE SVELTESSE yogur desnatado 0% dúo de frutas pack 4 unidades 125 g</span>
</a>
</h3>
<p class="clear txt_descuento">
</p>
</div>
</td> 
<td headers="c2 r2">
<img width="21" height="21" title="¡Hemos bajado los precios!" class="simbolo_1" src="http://sgfm.elcorteingles.es/SGFM/supermarket/tematicos/es/011_bajamos_precios.gif" border="0" alt="¡Hemos bajado los precios!"></img>&nbsp;
<img width="21" height="21" title="Producto refrigerado" class="simbolo_2" src="http://sgfm.elcorteingles.es/SGFM/supermarket/tematicos/es/011_refrigerado.gif" border="0" alt="Producto refrigerado"></img>&nbsp;
</td> 
<td headers="c3 r2">
<div class="antes" style="margin-left: 0.8em;height:1.3em; text-decoration: line-through;"></div>
<div class="compra_product">
<div class="precio_product" style="width:">
<p class="ahora"><span>
1,79 &euro;</span></p>
<div class="precio_kg clear"> (3,58 &euro; / Kilo)</div>
</div>
</td>
<td headers="c4 r2">
<input value="0110201020400501___" type="hidden" name="catalogRefId63" id="catalogRefId63"><input value=" " type="hidden" name="_D:catalogRefId63"><input value="0110201020400501___" type="hidden" name="giftListItemCatalogRefId63" id="giftListItemCatalogRefId63"><input value=" " type="hidden" name="_D:giftListItemCatalogRefId63"><input value="0110201020400501___" type="hidden" name="productId63" id="productId63"><input value=" " type="hidden" name="_D:productId63"><input value="0110201020400501___" type="hidden" name="giftListItemProductId63" id="giftListItemProductId63"><input value=" " type="hidden" name="_D:giftListItemProductId63"><input value="supermarket" type="hidden" name="/atg/commerce/order/purchase/CartModifierFormHandler.itemsAux[63].value.originCatalogue"><input value=" " type="hidden" name="_D:/atg/commerce/order/purchase/CartModifierFormHandler.itemsAux[63].value.originCatalogue"><input value="supermarket" type="hidden" name="/eci/supermarket/commerce/gifts/WishListsFormHandler.items[63].value.originCatalogue"><input value=" " type="hidden" name="_D:/eci/supermarket/commerce/gifts/WishListsFormHandler.items[63].value.originCatalogue"><input value="MIS_LISTAS" type="hidden" name="/atg/commerce/order/purchase/CartModifierFormHandler.itemsAux[63].value.boughtFrom"><input value=" " type="hidden" name="_D:/atg/commerce/order/purchase/CartModifierFormHandler.itemsAux[63].value.boughtFrom"><input value="MIS_LISTAS" type="hidden" name="/eci/supermarket/commerce/gifts/WishListsFormHandler.items[63].value.boughtFrom"><input value=" " type="hidden" name="_D:/eci/supermarket/commerce/gifts/WishListsFormHandler.items[63].value.boughtFrom"><input value="unit" type="hidden" name="saleType63" id="saleType63"><input value=" " type="hidden" name="_D:saleType63"><input value="unit" type="hidden" name="giftListItemSaleType63" id="giftListItemSaleType63"><input value=" " type="hidden" name="_D:giftListItemSaleType63"> <table>
<tr>
<td rowspan="2" style="border:none">
<div class="caja_cantidad_shopping_cart">
<input value="1" onkeyup="javascript:updateOnlyUnits(event, 63, false, 'Especifique la cantidad de producto');" maxlength="3" type="text" align="absMiddle" style="font-size: 110%; font-family: MS Shell Dlg; text-align: center;" size="3" name="quantity63" id="quantity63"><input value=" " type="hidden" name="_D:quantity63"> </div>
</td>
<input value="0" type="hidden" name="giftListItemQuantity63" id="giftListItemQuantity63"><input value=" " type="hidden" name="_D:giftListItemQuantity63"> <input type="hidden" id='quantity_h63' name='quantity_h63' value='1' />
<td rowspan="2" style="border:none"><img width="4" height="10" src="/hipercor/static/sm2/img/elementos/nada.gif" border="0"></img></td>
<td valign="bottom"><img width="13" height="9" style="cursor: pointer" onclick="incrementOnlyUnits(63, false);" src="/hipercor/static/sm2/img/productos/mas.gif" border="0"></img></td>
<td rowspan="2" style="border:none"><img width="5" height="10" src="/hipercor/static/sm2/img/elementos/nada.gif" border="0"></img></td>
</tr>
<tr>
<td valign="top"><img style="cursor: pointer; float:left;" onclick="decrementOnlyUnits(63, false);" src="/hipercor/static/sm2/img/productos/menos.gif" border="0"></img></td>
</tr>
</table>
<input type="hidden" name="preparationType" id="preparationType" value="" />
</td> 
<td headers="c6 r2">
<div class="product_anadir">
<input type="checkbox" id='0110201020400501____checkbox' name="0110201020400501____checkbox" value="0110201020400501___" checked="checked"/>
</div>
</td>
</tr>
<tr>
<input value="1" type="hidden" name="area64" id="area64"><input value=" " type="hidden" name="_D:area64"><input value="1" type="hidden" name="giftListItemArea64" id="giftListItemArea64"><input value=" " type="hidden" name="_D:giftListItemArea64"><input value="0110201020400980___" type="hidden" name="productId64" id="productId64"><input value=" " type="hidden" name="_D:productId64"><input value="ninguno" type="hidden" name="brokenStockPolicy64" id="brokenStockPolicy64"><input value=" " type="hidden" name="_D:brokenStockPolicy64"><input value="ninguno" type="hidden" name="giftListItemBrokenStockPolicy64" id="giftListItemBrokenStockPolicy64"><input value=" " type="hidden" name="_D:giftListItemBrokenStockPolicy64">
<td class="cart_product" headers="c1 r2">
<div class="cart_product_img">
<a href="#" title="" onclick="openOnlyUnitsPopup('gi19680756', 64, '0110201020400980___','MIS_LISTAS'); return false;">
<img src="http://sgfm.elcorteingles.es/SGFM/00/98/0/0201020400980/0201020400980000x01011.jpg" alt=""></img> </a>
</div>
<div class="cart_product_txt">
<h3>
<a href="#" title="" id="item64" onclick="openOnlyUnitsPopup('gi19680756', 64, '0110201020400980___','MIS_LISTAS'); return false;">
<span>NESTLE SVELTESSE yogur desnatado 0% Selección de frutas con cerezas pack 4 unidades 125 g</span>
</a>
</h3>
<p class="clear txt_descuento">
</p>
</div>
</td> 
<td headers="c2 r2">
<img width="21" height="21" title="Producto refrigerado" class="simbolo_1" src="http://sgfm.elcorteingles.es/SGFM/supermarket/tematicos/es/011_refrigerado.gif" border="0" alt="Producto refrigerado"></img>&nbsp;
</td> 
<td headers="c3 r2">
<div class="antes" style="margin-left: 0.8em;height:1.3em; text-decoration: line-through;"></div>
<div class="compra_product">
<div class="precio_product" style="width:">
<p class="ahora"><span>
1,79 &euro;</span></p>
<div class="precio_kg clear"> (3,58 &euro; / Kilo)</div>
</div>
</td>
<td headers="c4 r2">
<input value="0110201020400980___" type="hidden" name="catalogRefId64" id="catalogRefId64"><input value=" " type="hidden" name="_D:catalogRefId64"><input value="0110201020400980___" type="hidden" name="giftListItemCatalogRefId64" id="giftListItemCatalogRefId64"><input value=" " type="hidden" name="_D:giftListItemCatalogRefId64"><input value="0110201020400980___" type="hidden" name="productId64" id="productId64"><input value=" " type="hidden" name="_D:productId64"><input value="0110201020400980___" type="hidden" name="giftListItemProductId64" id="giftListItemProductId64"><input value=" " type="hidden" name="_D:giftListItemProductId64"><input value="supermarket" type="hidden" name="/atg/commerce/order/purchase/CartModifierFormHandler.itemsAux[64].value.originCatalogue"><input value=" " type="hidden" name="_D:/atg/commerce/order/purchase/CartModifierFormHandler.itemsAux[64].value.originCatalogue"><input value="supermarket" type="hidden" name="/eci/supermarket/commerce/gifts/WishListsFormHandler.items[64].value.originCatalogue"><input value=" " type="hidden" name="_D:/eci/supermarket/commerce/gifts/WishListsFormHandler.items[64].value.originCatalogue"><input value="MIS_LISTAS" type="hidden" name="/atg/commerce/order/purchase/CartModifierFormHandler.itemsAux[64].value.boughtFrom"><input value=" " type="hidden" name="_D:/atg/commerce/order/purchase/CartModifierFormHandler.itemsAux[64].value.boughtFrom"><input value="MIS_LISTAS" type="hidden" name="/eci/supermarket/commerce/gifts/WishListsFormHandler.items[64].value.boughtFrom"><input value=" " type="hidden" name="_D:/eci/supermarket/commerce/gifts/WishListsFormHandler.items[64].value.boughtFrom"><input value="unit" type="hidden" name="saleType64" id="saleType64"><input value=" " type="hidden" name="_D:saleType64"><input value="unit" type="hidden" name="giftListItemSaleType64" id="giftListItemSaleType64"><input value=" " type="hidden" name="_D:giftListItemSaleType64"> <table>
<tr>
<td rowspan="2" style="border:none">
<div class="caja_cantidad_shopping_cart">
<input value="1" onkeyup="javascript:updateOnlyUnits(event, 64, false, 'Especifique la cantidad de producto');" maxlength="3" type="text" align="absMiddle" style="font-size: 110%; font-family: MS Shell Dlg; text-align: center;" size="3" name="quantity64" id="quantity64"><input value=" " type="hidden" name="_D:quantity64"> </div>
</td>
<input value="0" type="hidden" name="giftListItemQuantity64" id="giftListItemQuantity64"><input value=" " type="hidden" name="_D:giftListItemQuantity64"> <input type="hidden" id='quantity_h64' name='quantity_h64' value='1' />
<td rowspan="2" style="border:none"><img width="4" height="10" src="/hipercor/static/sm2/img/elementos/nada.gif" border="0"></img></td>
<td valign="bottom"><img width="13" height="9" style="cursor: pointer" onclick="incrementOnlyUnits(64, false);" src="/hipercor/static/sm2/img/productos/mas.gif" border="0"></img></td>
<td rowspan="2" style="border:none"><img width="5" height="10" src="/hipercor/static/sm2/img/elementos/nada.gif" border="0"></img></td>
</tr>
<tr>
<td valign="top"><img style="cursor: pointer; float:left;" onclick="decrementOnlyUnits(64, false);" src="/hipercor/static/sm2/img/productos/menos.gif" border="0"></img></td>
</tr>
</table>
<input type="hidden" name="preparationType" id="preparationType" value="" />
</td> 
<td headers="c6 r2">
<div class="product_anadir">
<input type="checkbox" id='0110201020400980____checkbox' name="0110201020400980____checkbox" value="0110201020400980___" checked="checked"/>
</div>
</td>
</tr>
<tr>
<input value="1" type="hidden" name="area65" id="area65"><input value=" " type="hidden" name="_D:area65"><input value="1" type="hidden" name="giftListItemArea65" id="giftListItemArea65"><input value=" " type="hidden" name="_D:giftListItemArea65"><input value="0110201023200742___" type="hidden" name="productId65" id="productId65"><input value=" " type="hidden" name="_D:productId65"><input value="ninguno" type="hidden" name="brokenStockPolicy65" id="brokenStockPolicy65"><input value=" " type="hidden" name="_D:brokenStockPolicy65"><input value="ninguno" type="hidden" name="giftListItemBrokenStockPolicy65" id="giftListItemBrokenStockPolicy65"><input value=" " type="hidden" name="_D:giftListItemBrokenStockPolicy65">
<td class="cart_product" headers="c1 r2">
<div class="cart_product_img">
<a href="#" title="" onclick="openOnlyUnitsPopup('gi21103536', 65, '0110201023200742___','MIS_LISTAS'); return false;">
<img src="http://sgfm.elcorteingles.es/SGFM/00/74/2/0201023200742/0201023200742000x01011.jpg" alt=""></img> </a>
</div>
<div class="cart_product_txt">
<h3>
<a href="#" title="" id="item65" onclick="openOnlyUnitsPopup('gi21103536', 65, '0110201023200742___','MIS_LISTAS'); return false;">
<span>DANONE ACTIMEL yogur líquido desnatado 0% fresa pack 6 unds. 100 ml</span>
</a>
</h3>
<p class="clear txt_descuento">
</p>
</div>
</td> 
<td headers="c2 r2">
<img width="21" height="21" title="¡Hemos bajado los precios!" class="simbolo_1" src="http://sgfm.elcorteingles.es/SGFM/supermarket/tematicos/es/011_bajamos_precios.gif" border="0" alt="¡Hemos bajado los precios!"></img>&nbsp;
<img width="21" height="21" title="Producto refrigerado" class="simbolo_2" src="http://sgfm.elcorteingles.es/SGFM/supermarket/tematicos/es/011_refrigerado.gif" border="0" alt="Producto refrigerado"></img>&nbsp;
</td> 
<td headers="c3 r2">
<div class="antes" style="margin-left: 0.8em;height:1.3em; text-decoration: line-through;"></div>
<div class="compra_product">
<div class="precio_product" style="width:">
<p class="ahora"><span>
2,99 &euro;</span></p>
<div class="precio_kg clear"> (4,98 &euro; / Litro)</div>
</div>
</td>
<td headers="c4 r2">
<input value="0110201023200742___" type="hidden" name="catalogRefId65" id="catalogRefId65"><input value=" " type="hidden" name="_D:catalogRefId65"><input value="0110201023200742___" type="hidden" name="giftListItemCatalogRefId65" id="giftListItemCatalogRefId65"><input value=" " type="hidden" name="_D:giftListItemCatalogRefId65"><input value="0110201023200742___" type="hidden" name="productId65" id="productId65"><input value=" " type="hidden" name="_D:productId65"><input value="0110201023200742___" type="hidden" name="giftListItemProductId65" id="giftListItemProductId65"><input value=" " type="hidden" name="_D:giftListItemProductId65"><input value="supermarket" type="hidden" name="/atg/commerce/order/purchase/CartModifierFormHandler.itemsAux[65].value.originCatalogue"><input value=" " type="hidden" name="_D:/atg/commerce/order/purchase/CartModifierFormHandler.itemsAux[65].value.originCatalogue"><input value="supermarket" type="hidden" name="/eci/supermarket/commerce/gifts/WishListsFormHandler.items[65].value.originCatalogue"><input value=" " type="hidden" name="_D:/eci/supermarket/commerce/gifts/WishListsFormHandler.items[65].value.originCatalogue"><input value="MIS_LISTAS" type="hidden" name="/atg/commerce/order/purchase/CartModifierFormHandler.itemsAux[65].value.boughtFrom"><input value=" " type="hidden" name="_D:/atg/commerce/order/purchase/CartModifierFormHandler.itemsAux[65].value.boughtFrom"><input value="MIS_LISTAS" type="hidden" name="/eci/supermarket/commerce/gifts/WishListsFormHandler.items[65].value.boughtFrom"><input value=" " type="hidden" name="_D:/eci/supermarket/commerce/gifts/WishListsFormHandler.items[65].value.boughtFrom"><input value="unit" type="hidden" name="saleType65" id="saleType65"><input value=" " type="hidden" name="_D:saleType65"><input value="unit" type="hidden" name="giftListItemSaleType65" id="giftListItemSaleType65"><input value=" " type="hidden" name="_D:giftListItemSaleType65"> <table>
<tr>
<td rowspan="2" style="border:none">
<div class="caja_cantidad_shopping_cart">
<input value="1" onkeyup="javascript:updateOnlyUnits(event, 65, false, 'Especifique la cantidad de producto');" maxlength="3" type="text" align="absMiddle" style="font-size: 110%; font-family: MS Shell Dlg; text-align: center;" size="3" name="quantity65" id="quantity65"><input value=" " type="hidden" name="_D:quantity65"> </div>
</td>
<input value="0" type="hidden" name="giftListItemQuantity65" id="giftListItemQuantity65"><input value=" " type="hidden" name="_D:giftListItemQuantity65"> <input type="hidden" id='quantity_h65' name='quantity_h65' value='1' />
<td rowspan="2" style="border:none"><img width="4" height="10" src="/hipercor/static/sm2/img/elementos/nada.gif" border="0"></img></td>
<td valign="bottom"><img width="13" height="9" style="cursor: pointer" onclick="incrementOnlyUnits(65, false);" src="/hipercor/static/sm2/img/productos/mas.gif" border="0"></img></td>
<td rowspan="2" style="border:none"><img width="5" height="10" src="/hipercor/static/sm2/img/elementos/nada.gif" border="0"></img></td>
</tr>
<tr>
<td valign="top"><img style="cursor: pointer; float:left;" onclick="decrementOnlyUnits(65, false);" src="/hipercor/static/sm2/img/productos/menos.gif" border="0"></img></td>
</tr>
</table>
<input type="hidden" name="preparationType" id="preparationType" value="" />
</td> 
<td headers="c6 r2">
<div class="product_anadir">
<input type="checkbox" id='0110201023200742____checkbox' name="0110201023200742____checkbox" value="0110201023200742___" checked="checked"/>
</div>
</td>
</tr>
<tr class="fila_categoria">
<th class="tit_categoria" id="r2" colspan="5"><h2> Mascotas</h2></th>
</tr>
<tr>
<input value="1" type="hidden" name="area66" id="area66"><input value=" " type="hidden" name="_D:area66"><input value="1" type="hidden" name="giftListItemArea66" id="giftListItemArea66"><input value=" " type="hidden" name="_D:giftListItemArea66"><input value="0110204850500200___" type="hidden" name="productId66" id="productId66"><input value=" " type="hidden" name="_D:productId66"><input value="ninguno" type="hidden" name="brokenStockPolicy66" id="brokenStockPolicy66"><input value=" " type="hidden" name="_D:brokenStockPolicy66"><input value="ninguno" type="hidden" name="giftListItemBrokenStockPolicy66" id="giftListItemBrokenStockPolicy66"><input value=" " type="hidden" name="_D:giftListItemBrokenStockPolicy66">
<td class="cart_product" headers="c1 r2">
<div class="cart_product_img">
<a href="#" title="" onclick="openOnlyUnitsPopup('gi19680762', 66, '0110204850500200___','MIS_LISTAS'); return false;">
<img src="http://sgfm.elcorteingles.es/SGFM/00/20/0/0204850500200/0204850500200000x01011.jpg" alt=""></img> </a>
</div>
<div class="cart_product_txt">
<h3>
<a href="#" title="" id="item66" onclick="openOnlyUnitsPopup('gi19680762', 66, '0110204850500200___','MIS_LISTAS'); return false;">
<span>PURINA Tidy Cats cristales de sílice máxima absorción para gato envase 6,36 kg</span>
</a>
</h3>
<p class="clear txt_descuento">
</p>
</div>
</td> 
<td headers="c2 r2">
&nbsp;
</td> 
<td headers="c3 r2">
<div class="antes" style="margin-left: 0.8em;height:1.3em; text-decoration: line-through;"></div>
<div class="compra_product">
<div class="precio_product" style="width:">
<p class="ahora"><span>
10,95 &euro;</span></p>
<div class="precio_kg clear"> (1,72 &euro; / Kilo)</div>
</div>
</td>
<td headers="c4 r2">
<input value="0110204850500200___" type="hidden" name="catalogRefId66" id="catalogRefId66"><input value=" " type="hidden" name="_D:catalogRefId66"><input value="0110204850500200___" type="hidden" name="giftListItemCatalogRefId66" id="giftListItemCatalogRefId66"><input value=" " type="hidden" name="_D:giftListItemCatalogRefId66"><input value="0110204850500200___" type="hidden" name="productId66" id="productId66"><input value=" " type="hidden" name="_D:productId66"><input value="0110204850500200___" type="hidden" name="giftListItemProductId66" id="giftListItemProductId66"><input value=" " type="hidden" name="_D:giftListItemProductId66"><input value="supermarket" type="hidden" name="/atg/commerce/order/purchase/CartModifierFormHandler.itemsAux[66].value.originCatalogue"><input value=" " type="hidden" name="_D:/atg/commerce/order/purchase/CartModifierFormHandler.itemsAux[66].value.originCatalogue"><input value="supermarket" type="hidden" name="/eci/supermarket/commerce/gifts/WishListsFormHandler.items[66].value.originCatalogue"><input value=" " type="hidden" name="_D:/eci/supermarket/commerce/gifts/WishListsFormHandler.items[66].value.originCatalogue"><input value="MIS_LISTAS" type="hidden" name="/atg/commerce/order/purchase/CartModifierFormHandler.itemsAux[66].value.boughtFrom"><input value=" " type="hidden" name="_D:/atg/commerce/order/purchase/CartModifierFormHandler.itemsAux[66].value.boughtFrom"><input value="MIS_LISTAS" type="hidden" name="/eci/supermarket/commerce/gifts/WishListsFormHandler.items[66].value.boughtFrom"><input value=" " type="hidden" name="_D:/eci/supermarket/commerce/gifts/WishListsFormHandler.items[66].value.boughtFrom"><input value="unit" type="hidden" name="saleType66" id="saleType66"><input value=" " type="hidden" name="_D:saleType66"><input value="unit" type="hidden" name="giftListItemSaleType66" id="giftListItemSaleType66"><input value=" " type="hidden" name="_D:giftListItemSaleType66"> <table>
<tr>
<td rowspan="2" style="border:none">
<div class="caja_cantidad_shopping_cart">
<input value="1" onkeyup="javascript:updateOnlyUnits(event, 66, false, 'Especifique la cantidad de producto');" maxlength="3" type="text" align="absMiddle" style="font-size: 110%; font-family: MS Shell Dlg; text-align: center;" size="3" name="quantity66" id="quantity66"><input value=" " type="hidden" name="_D:quantity66"> </div>
</td>
<input value="0" type="hidden" name="giftListItemQuantity66" id="giftListItemQuantity66"><input value=" " type="hidden" name="_D:giftListItemQuantity66"> <input type="hidden" id='quantity_h66' name='quantity_h66' value='1' />
<td rowspan="2" style="border:none"><img width="4" height="10" src="/hipercor/static/sm2/img/elementos/nada.gif" border="0"></img></td>
<td valign="bottom"><img width="13" height="9" style="cursor: pointer" onclick="incrementOnlyUnits(66, false);" src="/hipercor/static/sm2/img/productos/mas.gif" border="0"></img></td>
<td rowspan="2" style="border:none"><img width="5" height="10" src="/hipercor/static/sm2/img/elementos/nada.gif" border="0"></img></td>
</tr>
<tr>
<td valign="top"><img style="cursor: pointer; float:left;" onclick="decrementOnlyUnits(66, false);" src="/hipercor/static/sm2/img/productos/menos.gif" border="0"></img></td>
</tr>
</table>
<input type="hidden" name="preparationType" id="preparationType" value="" />
</td> 
<td headers="c6 r2">
<div class="product_anadir">
<input type="checkbox" id='0110204850500200____checkbox' name="0110204850500200____checkbox" value="0110204850500200___" checked="checked"/>
</div>
</td>
</tr>
<tr>
<input value="1" type="hidden" name="area67" id="area67"><input value=" " type="hidden" name="_D:area67"><input value="1" type="hidden" name="giftListItemArea67" id="giftListItemArea67"><input value=" " type="hidden" name="_D:giftListItemArea67"><input value="0110204850500143___" type="hidden" name="productId67" id="productId67"><input value=" " type="hidden" name="_D:productId67"><input value="ninguno" type="hidden" name="brokenStockPolicy67" id="brokenStockPolicy67"><input value=" " type="hidden" name="_D:brokenStockPolicy67"><input value="ninguno" type="hidden" name="giftListItemBrokenStockPolicy67" id="giftListItemBrokenStockPolicy67"><input value=" " type="hidden" name="_D:giftListItemBrokenStockPolicy67">
<td class="cart_product" headers="c1 r2">
<div class="cart_product_img">
<a href="#" title="" onclick="openOnlyUnitsPopup('gi19680763', 67, '0110204850500143___','MIS_LISTAS'); return false;">
<img src="http://sgfm.elcorteingles.es/SGFM/00/14/3/0204850500143/0204850500143000x01011.jpg" alt=""></img> </a>
</div>
<div class="cart_product_txt">
<h3>
<a href="#" title="" id="item67" onclick="openOnlyUnitsPopup('gi19680763', 67, '0110204850500143___','MIS_LISTAS'); return false;">
<span>AFFINITY ATTRACTIVE CATS arena sanitaria aglomerante para gato envase 6,36 kg</span>
</a>
</h3>
<p class="clear txt_descuento">
</p>
</div>
</td> 
<td headers="c2 r2">
&nbsp;
</td> 
<td headers="c3 r2">
<div class="antes" style="margin-left: 0.8em;height:1.3em; text-decoration: line-through;"></div>
<div class="compra_product">
<div class="precio_product" style="width:">
<p class="ahora"><span>
10,75 &euro;</span></p>
<div class="precio_kg clear"> (1,69 &euro; / Kilo)</div>
</div>
</td>
<td headers="c4 r2">
<input value="0110204850500143___" type="hidden" name="catalogRefId67" id="catalogRefId67"><input value=" " type="hidden" name="_D:catalogRefId67"><input value="0110204850500143___" type="hidden" name="giftListItemCatalogRefId67" id="giftListItemCatalogRefId67"><input value=" " type="hidden" name="_D:giftListItemCatalogRefId67"><input value="0110204850500143___" type="hidden" name="productId67" id="productId67"><input value=" " type="hidden" name="_D:productId67"><input value="0110204850500143___" type="hidden" name="giftListItemProductId67" id="giftListItemProductId67"><input value=" " type="hidden" name="_D:giftListItemProductId67"><input value="supermarket" type="hidden" name="/atg/commerce/order/purchase/CartModifierFormHandler.itemsAux[67].value.originCatalogue"><input value=" " type="hidden" name="_D:/atg/commerce/order/purchase/CartModifierFormHandler.itemsAux[67].value.originCatalogue"><input value="supermarket" type="hidden" name="/eci/supermarket/commerce/gifts/WishListsFormHandler.items[67].value.originCatalogue"><input value=" " type="hidden" name="_D:/eci/supermarket/commerce/gifts/WishListsFormHandler.items[67].value.originCatalogue"><input value="MIS_LISTAS" type="hidden" name="/atg/commerce/order/purchase/CartModifierFormHandler.itemsAux[67].value.boughtFrom"><input value=" " type="hidden" name="_D:/atg/commerce/order/purchase/CartModifierFormHandler.itemsAux[67].value.boughtFrom"><input value="MIS_LISTAS" type="hidden" name="/eci/supermarket/commerce/gifts/WishListsFormHandler.items[67].value.boughtFrom"><input value=" " type="hidden" name="_D:/eci/supermarket/commerce/gifts/WishListsFormHandler.items[67].value.boughtFrom"><input value="unit" type="hidden" name="saleType67" id="saleType67"><input value=" " type="hidden" name="_D:saleType67"><input value="unit" type="hidden" name="giftListItemSaleType67" id="giftListItemSaleType67"><input value=" " type="hidden" name="_D:giftListItemSaleType67"> <table>
<tr>
<td rowspan="2" style="border:none">
<div class="caja_cantidad_shopping_cart">
<input value="1" onkeyup="javascript:updateOnlyUnits(event, 67, false, 'Especifique la cantidad de producto');" maxlength="3" type="text" align="absMiddle" style="font-size: 110%; font-family: MS Shell Dlg; text-align: center;" size="3" name="quantity67" id="quantity67"><input value=" " type="hidden" name="_D:quantity67"> </div>
</td>
<input value="0" type="hidden" name="giftListItemQuantity67" id="giftListItemQuantity67"><input value=" " type="hidden" name="_D:giftListItemQuantity67"> <input type="hidden" id='quantity_h67' name='quantity_h67' value='1' />
<td rowspan="2" style="border:none"><img width="4" height="10" src="/hipercor/static/sm2/img/elementos/nada.gif" border="0"></img></td>
<td valign="bottom"><img width="13" height="9" style="cursor: pointer" onclick="incrementOnlyUnits(67, false);" src="/hipercor/static/sm2/img/productos/mas.gif" border="0"></img></td>
<td rowspan="2" style="border:none"><img width="5" height="10" src="/hipercor/static/sm2/img/elementos/nada.gif" border="0"></img></td>
</tr>
<tr>
<td valign="top"><img style="cursor: pointer; float:left;" onclick="decrementOnlyUnits(67, false);" src="/hipercor/static/sm2/img/productos/menos.gif" border="0"></img></td>
</tr>
</table>
<input type="hidden" name="preparationType" id="preparationType" value="" />
</td> 
<td headers="c6 r2">
<div class="product_anadir">
<input type="checkbox" id='0110204850500143____checkbox' name="0110204850500143____checkbox" value="0110204850500143___" checked="checked"/>
</div>
</td>
</tr>
</tbody>
</table>
<div style="float:left;margin-top:2em;margin-left:15em;margin-top:4em;margin-bottom:2em;">
<h3 class="wishListText">Puede utilizar esta lista para hacer una nueva compra. Para ello deberá añadirla a la cesta, manteniendo <br/>o modificando las cantidades. Una vez añadida a la cesta, podrá incorporar nuevos artículos.<br /> Si no desea adquirir alguno de los productos, desmárquelo en la columna de la derecha.</h3>
</div>
<div style="float:left;border: solid 0.1em #C96803;margin-top:2em;margin-left:20em">
<table border="0">
<tr height="56">
<td colspan="5" height="56">
<!-- Seleccione una opción: -->
<h3 style="color:#EC6A0C;font-size:1.6em;margin-left:0.9em;">Seleccione una opción:</h3>
</td>
</tr>
<tr height="35">
<td align="center" height="35" width="32">
<input name="radiogroup" value="add" type="radio" id="rbAdd" checked /></td>
<td height="35">
<!-- Añadir esta lista a la cesta -->
<h2><label for="rbAdd" style="font-size:80%">Añadir esta lista a la cesta</label></h2>
</td>
</tr>
<tr height="35">
<td align="center" height="35" width="32">
<input name="radiogroup" value="modify" id="rbModify" type="radio" />
</td>
<td height="35">
<table border="0" cellpadding="0" cellspacing="0">
<tr>
<td>
<!-- Guardar los cambios y/o -->
<h2><label for="rbModify" style="font-size:80%">Guardar los cambios y/o <br> modificar el nombre de la lista</label></h2>
</td>
<td>
<input value="Habitual" maxlength="35" type="text" style="width:16em;margin: 0 1em" name="listDescription" id="listDescription"><input value=" " type="hidden" name="_D:listDescription"> </td>
</tr>
</table>
</td>
<td height="35"></td>
</tr>
<tr>
<td align="center" ></td>
</tr>
<tr height="35">
<td align="center" height="35">
<input name="radiogroup" value="delete" id="rbDelete" type="radio"/></td>
<td height="35">
<h2><label for="rbDelete" style="font-size:80%">Borrar esta lista</label></h2>
</td>
<td align="center" height="35"></td>
</tr>
</table>
</div>
<div class="botonera_pedidos" style="margin-top:3.5em;">
<ul>
<li><a class="btn_volver" href="javascript:history.go(-1);">Volver</a></li>
<li><a class="btn_aceptar" href="#" onclick="return applySubmit(68);">Aceptar</a></li>
</ul>
</div>
<input type="submit" style="display:none" name="/eci/supermarket/commerce/gifts/WishListsFormHandler.addToCartAndFilterGiftList" id="add"><input value=" " type="hidden" name="_D:/eci/supermarket/commerce/gifts/WishListsFormHandler.addToCartAndFilterGiftList"><input type="submit" style="display:none" name="/eci/supermarket/commerce/gifts/WishListsFormHandler.updateGiftlistItems" id="modify"><input value=" " type="hidden" name="_D:/eci/supermarket/commerce/gifts/WishListsFormHandler.updateGiftlistItems"><input type="submit" style="display:none" name="/eci/supermarket/commerce/gifts/WishListsFormHandler.deleteGiftlist" id="delete"><input value=" " type="hidden" name="_D:/eci/supermarket/commerce/gifts/WishListsFormHandler.deleteGiftlist"><input value="/sm2/wishlist/fragments/wishList.jsp.fm" type="hidden" name="_DARGS"></input></form> </div><!-- fin main_cont_all -->
</div><!-- fin blq_cont --> </div>
<div id="pie">
<div id="pie">
<div class="contenido_pie">
<div class="caja_pie_izda">
<ul>
<li>
<a href="/hipercor/sm2/common/public/legalTerms.jsp">Aviso Legal</a>
</li>
<li class="ultimo">
<a href="/hipercor/sm2/common/public/privacyPolicy.jsp">Política de Privacidad</a>
</li>
</ul>
</div>
<div class="caja_pie">
<p>
Hipercor,
<acronym title="Sociedad An&oacute;nima">S.A.</acronym>
-
Todos los derechos reservados </p>
</div>
<div class="caja_pie_dcha">
<ul>
<li>
<a href="http://validator.w3.org/" target="_blank">XHTML 1.0</a>
</li>
<li>
<a target="_blank" href="http://jigsaw.w3.org/css-validator/">CSS 3</a>
</li>
<li class="ultimo">
<a href="/hipercor/sm2/common/public/accessibility.jsp">Accesibilidad</a>
</li>
</ul>
</div>
</div>
</div>
</div><!--Fin del pie -->
</div><!--Fin del webcontainer --> </body>
</html>
